
@article{AhnSch1995,
  author = {Ahn, Seung C. and Schmidt, Peter},
  title = {Efficient estimation of models for dynamic panel data},
  journal = {Journal of Econometrics},
  year = {1995},
  volume = {68},
  pages = {5--27},
  number = {1},
  url = {https://doi.org/10.1016/0304-4076(94)01641-C}
}

@article{AndHsi1982,
  author = {T.W. Anderson and Cheng Hsiao},
  title = {Formulation and estimation of dynamic models using panel data},
  journal = {Journal of Econometrics},
  year = {1982},
  volume = {18},
  pages = {47--82},
  number = {1},
  url = {https://doi.org/10.1016/0304-4076(82)90095-1}
}

@book{Are2003,
  title = {Panel Data Econometrics},
  publisher = {Oxford University Press},
  year = {2003},
  author = {Arellano, Manuel},
  url = {https://doi.org/10.1093/0199245282.001.0001}
}

@article{AreBon1991,
  author = {Arellano, Manuel and Bond, Stephen},
  title = {{Some Tests of Specification for Panel Data: Monte Carlo Evidence
	and an Application to Employment Equations}},
  journal = {The Review of Economic Studies},
  year = {1991},
  volume = {58},
  pages = {277--297},
  number = {2},
  url = {https://doi.org/10.2307/2297968}
}

@article{AreBov1995,
  author = {Arellano, Manuel and Bover, Olympia},
  title = {Another look at the instrumental variable estimation of error-components models},
  journal = {Journal of Econometrics},
  year = {1995},
  volume = {68},
  pages = {29--51},
  number = {1},
  url = {https://doi.org/10.1016/0304-4076(94)01642-D}
}

@article{BluBon1998,
  author = {Richard Blundell and Stephen Bond},
  title = {Initial conditions and moment restrictions in dynamic panel data models},
  journal = {Journal of Econometrics},
  year = {1998},
  volume = {87},
  pages = {115--143},
  number = {1},
  url = {http://doi.org/10.1016/S0304-4076(98)00009-8}
}

@incollection{BluBonWin2001,
  author = {R. Blundell and S. Bond and F. Windmeijer},
  title = {Estimation in dynamic panel data models: Improving on the performance
	of the standard {GMM} estimator},
  booktitle = {Nonstationary Panels, Panel Cointegration, and Dynamic Panels},
  publisher = {Emerald Group Publishing},
  year = {2001},
  editor = {B. H. Baltagi and T. B. Fomby and R. Carter Hill},
  volume = {15},
  series = {Advances in Econometrics},
  pages = {53--91},
  url = {https://doi.org/10.1016/S0731-9053(00)15003-0}
}

@article{BunKle2014,
  author = {Maurice J. G. Bun and Frank Kleibergen},
  title = {Identification robust inference for moments based analysis of linear dynamic panel data models},
  journal = {{Econometric Theory}},
  year = {2021},
  volume = {forthcoming},
  number = {},
  pages = {},
  url = {https://doi.org/10.2139/ssrn.3847636}
}

@incollection{BunSar2015,
  author = {Maurice J. G. Bun and Vasilis Sarafidis},
  title = {Chapter 3 -- {Dynamic panel data models}},
  booktitle = {The Oxford Handbook of Panel Data},
  publisher = {Oxford University Press},
  year = {2015},
  editor = {Badi H. Baltagi},
  pages = {76--110},
  url = {https://doi.org/10.1093/oxfordhb/9780199940042.013.0003}
}

@book{CroMil2019plm,
  title = {Panel Data Econometrics with {R}: the {plm} package},
  author = {Yves Croissant and Giovanni Millo},
  publisher = {Wiley},
  year = {2019},
}

@misc{CroEtAl2020plm,
  author = {Croissant, Yves and Millo, Giovanni and Tappe, Kevin},
  title = {{plm}: Linear Models for Panel Data},
  url = {https://CRAN.R-project.org/package=plm},
  version = {2.2-3},
  date = {2020-02-28},
  year = {2020}
}

@manual{DooAreBon2012dpd,
  title = {Panel Data estimation using DPD for Ox},
  author = {Doornik, Jurgen A and Arellano, Manuel and Bond, Stephen},
  year = {2012},
  url = {http://www.doornik.com/download.html},
  version = {1.25}
}

@article{Fle1970new,
  author = {Fletcher, Roger},
  title = {A new approach to variable metric algorithms},
  journal = {The Computer Journal},
  year = {1970},
  volume = {13},
  pages = {317--322},
  number = {3},
  url = {https://doi.org/10.1093/comjnl/13.3.317}
}

@techreport{Fri2019,
  author = {Fritsch, M.},
  title = {On {GMM} estimation of linear
	dynamic panel data models},
  institution = {University of Passau},
  type = {University of Passau Working Papers in Business Administration},
  year = {2019},
  number = {B-36-19},
  url = {https://www.wiwi.uni-passau.de/en/research/working-papers/}
}

@misc{FriPuaSchn2020,
  title = {{pdynmc} -- {An {R}-package for estimating linear dynamic
      panel data models based on nonlinear moment conditions}},
  author = {Markus Fritsch and Andrew Adrian Yu Pua and Joachim
      Schnurbus},
  version = {0.8.0},
  date = {2020-02-01},
  year = {2020},
  url = {https://cran.r-project.org/package=pdynmc},
}

@article{GorHanXue2016,
 url = {https://doi.org/10.15609/annaeconstat2009.134.0149},
 author = {Tue Gørgens and Chirok Han and Sen Xue},
 journal = {Annals of Economics and Statistics},
 number = {134},
 pages = {149--176},
 title = {{Moment Restrictions and Identification in Linear Dynamic Panel Data Models}},
 volume = {},
 year = {2019}
}

@article{HansenLee2020,
  author = {Bruce E. Hansen and Seojeong Lee},
  title = {{Inference for Iterated GMM Under Misspecification}},
  journal = {Econometrica},
  volume = {89},
  number = {3},
  year = {2021},
  pages = {1419--1447},
  url = {https://doi.org/10.3982/ECTA16274}
}

@article{Han1982large,
  author = {Hansen, Lars Peter},
  title = {{Large Sample Properties of Generalized Method of Moments Estimators}},
  journal = {Econometrica},
  volume = {50},
  number = {4},
  year = {1982},
  pages = {1029--1054},
  url = {https://doi.org/10.2307/1912775}
}

@article{HolNewRos1988,
  author = {Holtz-Eakin, Douglas and Newey, Whitney, K and Rosen, Harvey S},
  title = {{Estimating Vector Autoregressions with Panel Data}},
  journal = {Econometrica},
  year = {1988},
  pages = {1371--1395},
  volume = {56},
  number = {6},
  url = {https://doi.org/10.2307/1913103 }
}

@book{Hsi2014,
  title = {Analysis of Panel Data},
  publisher = {Cambridge University Press},
  year = {2014},
  author = {Hsiao, Cheng},
  edition = {3},
  url = {https://doi.org/10.1017/CBO9781139839327}
}

@article{HWANG2018381,
author = {Jungbin Hwang and Yixiao Sun},
title = {Should we go one step further? {An} accurate comparison of one-step and two-step procedures in a generalized method of moments framework},
journal = {Journal of Econometrics},
volume = {207},
number = {2},
pages = {381--405},
year = {2018},
url = {https://doi.org/10.1016/j.jeconom.2018.07.006}
}

@article{HwangKangLee2020,
author = {Jungbin Hwang and Byunghoon Kang and Seojeong Lee},
title = {A doubly corrected robust variance estimator for linear {GMM}},
journal = {Journal of Econometrics},
volume = {forthcoming},
number = {},
pages = {},
year = {2021},
url = {https://doi.org/10.1016/j.jeconom.2020.09.010}
}

@incollection{Kiv2007a,
  author = {Kiviet, Jan F},
  title = {Chapter 11 -- {J}udging {C}ontending {E}stimators by {S}imulation: {T}ournaments
	in {D}ynamic {P}anel {D}ata {M}odels},
  booktitle = {The Refinement of Econometric Estimation and Test Procedures: Finite
	Sample and Asymptotic Analysis},
  publisher = {Cambridge University Press},
  year = {2007},
  editor = {Phillips, Gary D A and Tzavalis, Elias},
  pages = {282--318},
  url = {https://doi.org/10.1017/CBO9780511493157}
}

@misc{Kri2019,
  author = {Kripfganz, Sebastian},
  title = {{XTDPDGMM: Stata module to perform generalized method of moments estimation
	of linear dynamic panel data models}},
  url = {http://EconPapers.repec.org/RePEc:boc:bocode:s458395},
  version = {2.2.2},
  date = {2019-09-14},
  year = {2019}
}

@article{Nas2020,
  author = {John C. Nash},
  title = {{Provenance of R’s Gradient Optimizers}},
  year = {2020},
  journal = {{The R Journal}},
  pages = {477--483},
  volume = {12},
  number = {1},
  url = {https://doi.org/10.32614/RJ-2020-029}
}

@article{Nas2014,
  author = {John C. Nash},
  title = {{On Best Practice Optimization Methods in R}},
  journal = {Journal of Statistical Software},
  year = {2014},
  volume = {60},
  pages = {1--14},
  number = {2},
  url = {https://doi.org/10.18637/jss.v060.i02}
}

@book{Nas1990compact,
  title = {Compact Numerical Methods for Computers: Linear Algebra and Function
	Minimisation},
  publisher = {CRC Press},
  year = {1990},
  author = {Nash, John C}
}

@article{NasVar2011,
  author = {John C. Nash and Ravi Varadhan},
  title = {Unifying Optimization Algorithms to Aid Software System Users: {optimx}
	for {R}},
  journal = {Journal of Statistical Software},
  year = {2011},
  volume = {43},
  pages = {1--14},
  number = {9},
  url = {https://doi.org/10.18637/jss.v043.i09}
}

@article{pickup2017orthopanels,
  title={{OrthoPanels: An R Package for Estimating a Dynamic Panel Model with Fixed Effects Using the Orthogonal Reparameterization Approach}},
  author={Pickup, Mark and Gustafson, Paul and Cubranic, Davor and Evans, Geoffrey},
  journal={{The R Journal}},
  volume={9},
  number={1},
  pages={60--76},
  year={2017},
  url={https://doi.org/10.32614/RJ-2017-003}
}

@techreport{PuaFriSch2019a,
  author = {Pua, A.A.Y. and Fritsch, M. and Schnurbus, J.},
  title = {Large sample properties of an {IV} estimator based on the {Ahn and Schmidt} moment conditions},
  institution = {University of Passau},
  type = {University of Passau Working Papers in Business Administration},
  year = {2019},
  number = {B-37-19},
  url = {https://www.wiwi.uni-passau.de/en/research/working-papers/}
}

@techreport{PuaFriSch2019b,
  author = {Pua, A.A.Y. and Fritsch, M. and Schnurbus, J.},
  title = {Practical aspects of using quadratic moment conditions in linear {AR(1)} panel data models},
  institution = {University of Passau},
  type = {University of Passau Working Papers in Business Administration},
  year = {2019},
  number = {B-38-19},
  url = {https://www.wiwi.uni-passau.de/en/research/working-papers/}
}

@article{Roo2009,
  author = {Roodman, David},
  title = {A {N}ote on the {T}heme of {T}oo {M}any {I}nstruments},
  journal = {Oxford Bulletin of Economics and Statistics},
  year = {2009},
  volume = {71},
  pages = {135--158},
  number = {1},
  url = {https://doi.org/10.1111/j.1468-0084.2008.00542.x}
}

@misc{Roo2018xtabond2,
  author = {Roodman, David},
  title = {{XTABOND2: Stata module to extend xtabond dynamic panel data estimator}},
  url = {https://econpapers.repec.org/software/bocbocode/s435901.htm},
  version = {3.6.3},
  date = {2018-12-25},
  year = {2018}
}

@article{SigFer2019panelvar,
  author = {Sigmund, Michael and Ferstl, Robert},
  title = {Panel vector autoregression in {R} with the package panelvar},
  journal = {The Quarterly Review of Economics and Finance},
  year = {2019},
  pages = {forthcoming},
  url = {https://doi.org/10.1016/j.qref.2019.01.001}
}

@book{Sta2015,
  title = {Stata Longitudinal-Data/Panel-Data Reference Manual Release 14},
  publisher = {StataCorp LP},
  year = {2015},
  author = {StataCorp},
  address = {College Station, Texas}
}

@article{Win2005,
  author = {Frank Windmeijer},
  title = {A finite sample correction for the variance of linear efficient two-step
	GMM estimators},
  journal = {Journal of Econometrics},
  year = {2005},
  volume = {126},
  pages = {25--51},
  number = {1},
  url = {https://doi.org/10.1016/j.jeconom.2004.02.005}
}
