@article{abney2014using,
  title={Using nonlinear methods to quantify changes in infant limb movements and vocalizations},
  author={Abney, Drew H and Warlaumont, Anne S and Haussman, Anna and Ross, Jessica M and Wallot, Sebastian},
  journal={Frontiers in psychology},
  volume={5},
  pages={771},
  year={2014},
  publisher={Frontiers}
}

@article{alex2015order,
  title={Order--chaos--order--chaos transition and evolution of multiple anodic double layers in glow discharge plasma},
  author={Alex, Prince and Arumugam, Saravanan and Jayaprakash, Kaliyamurthy and Suraj, KS},
  journal={Results in Physics},
  volume={5},
  pages={235--240},
  year={2015},
  publisher={Elsevier}
}

% Note: the string ^^5c^^2ez in the item below
% is a hack to get \.{z} which does not work
% because (I think) the dot is removed by the
% function remove.dots in jss.bst.
% Thus I've inserted \. using hex codes
@incollection{ambrozkiewicz2019dynamical,
  title={Dynamical Response of a Planetary Gear System with Faults Using Recurrence Statistics},
  author={Ambro{^^5c^^2ez}kiewicz, B and Guo, Y and Litak, G and Wolszczak, P},
  booktitle={Topics in Nonlinear Mechanics and Physics},
  pages={177--185},
  year={2019},
  publisher={Springer}
}

@article{boker2002windowed,
  title={Windowed cross-correlation and peak picking for the analysis of variability in the association between behavioral time series.},
  author={Boker, Steven M and Rotondo, Jennifer L and Xu, Minquan and King, Kadijah},
  journal={Psychological methods},
  volume={7},
  number={3},
  pages={338},
  year={2002},
  publisher={American Psychological Association}
}

@article{coco2014cross,
  title={Cross-recurrence Quantification Analysis of Categorical and Continuous Time Series: an R package},
  author={Coco, Moreno I and Dale, Rick},
  journal={Frontiers in psychology},
  volume={5},
  pages={510},
  year={2014},
  publisher={Frontiers},
  url ={https://doi.org/10.3389/fpsyg.2014.00510}
}

@article{coco2016multilevel,
  title={Multilevel behavioral synchronization in a joint tower-building task},
  author={Coco, Moreno I and Badino, Leonardo and Cipresso, Pietro and Chirico, Alice and Ferrari, Elisabetta and Riva, Giuseppe and Gaggioli, Andrea and D'Ausilio, Alessandro},
  journal={IEEE Transactions on Cognitive and Developmental Systems},
  volume={9},
  number={3},
  pages={223--233},
  year={2016},
  publisher={IEEE}
}

@article{coco2018performance,
  title={Performance in a collaborative search task: The role of feedback and alignment},
  author={Coco, Moreno I and Dale, Rick and Keller, Frank},
  journal={Topics in cognitive science},
  volume={10},
  number={1},
  pages={55--79},
  year={2018},
  publisher={Wiley Online Library}
}

@article{donner2007scale,
  title={Scale-resolved phase coherence analysis of hemispheric sunspot activity: a new look at the north-south asymmetry},
  author={Donner, R and Thiel, M},
  journal={Astronomy \& Astrophysics},
  volume={475},
  number={3},
  pages={L33--L36},
  year={2007},
  publisher={EDP Sciences}
}

@article{hilarov2017detection,
  title={Detection of the fracture zone by the method of recurrence plot},
  author={Hilarov, VL},
  journal={Physics of the Solid State},
  volume={59},
  number={12},
  pages={2401--2406},
  year={2017},
  publisher={Springer}
}

@article{dale2015integrative,
  title={An integrative research strategy for exploring synergies in natural language performance},
  author={Dale, Rick},
  journal={Ecological Psychology},
  volume={27},
  number={3},
  pages={190--201},
  year={2015},
  publisher={Taylor \& Francis}
}

@article{dale2018dynamic,
  title={Dynamic natural language processing with recurrence quantification analysis},
  author={Dale, Rick and Duran, Nicholas D and Coco, Moreno},
  journal={arXiv preprint arXiv:1803.07136},
  year={2018}
}

@article{langbein2004visual,
  title={Visual discrimination learning in dwarf goats and associated changes in heart rate and heart rate variability},
  author={Langbein, Jan and N{\"u}rnberg, G and Manteuffel, G},
  journal={Physiology \& behavior},
  volume={82},
  number={4},
  pages={601--609},
  year={2004},
  publisher={Elsevier}
}

@article{marwan2002nonlinear,
  title={Nonlinear analysis of bivariate data with cross recurrence plots},
  author={Marwan, Norbert and Kurths, J{\"u}rgen},
  journal={Physics Letters A},
  volume={302},
  number={5-6},
  pages={299--307},
  year={2002},
  publisher={Elsevier}
}

@article{mestivier2001effects,
  title={Effects of autonomic blockers on linear and nonlinear indexes of blood pressure and heart rate in SHR},
  author={Mestivier, Denis and Dabir{\'e}, Hubert and Chau, Nguyen Phong},
  journal={American Journal of Physiology-Heart and Circulatory Physiology},
  volume={281},
  number={3},
  pages={H1113--H1121},
  year={2001},
  publisher={American Physiological Society Bethesda, MD}
}

@article{richardson2005looking,
  title={Looking to understand: The coupling between speakers' and listeners' eye movements and its relationship to discourse comprehension},
  author={Richardson, Daniel C and Dale, Rick},
  journal={Cognitive science},
  volume={29},
  number={6},
  pages={1045--1060},
  year={2005},
  publisher={Wiley Online Library}
}

@article{timothy2017classification,
  title={Classification of mild cognitive impairment EEG using combined recurrence and cross recurrence quantification analysis},
  author={Timothy, Leena T and Krishna, Bindu M and Nair, Usha},
  journal={International Journal of Psychophysiology},
  volume={120},
  pages={86--95},
  year={2017},
  publisher={Elsevier}
}

@article{trulla1996recurrence,
  title={Recurrence quantification analysis of the logistic equation with transients},
  author={Trulla, LL and Giuliani, A and Zbilut, JP and Webber Jr, CL},
  journal={Physics Letters A},
  volume={223},
  number={4},
  pages={255--260},
  year={1996},
  publisher={Elsevier}
}

@article{wallot2018calculation,
  title={Calculation of Average Mutual Information (AMI) and False-Nearest Neighbors (FNN) for the Estimation of Embedding Parameters of Multidimensional Time Series in MATLAB},
  author={Wallot, Sebastian and M{\o}nster, Dan},
  journal={Frontiers in psychology},
  volume={9},
  year={2018},
  publisher={Frontiers Media SA},
  url ={https://doi.org/10.3389/fpsyg.2018.01679}
}

@article{wallot2016multidimensional,
  title={Multidimensional Recurrence Quantification Analysis (MdRQA) for the Analysis of Multidimensional Time-series: A Software Implementation in MATLAB and its Application to Group-level Data in Joint Action},
  author={Wallot, Sebastian and Roepstorff, Andreas and M{\o}nster, Dan},
  journal={Frontiers in psychology},
  volume={7},
  pages={1835},
  year={2016},
  url = {https://doi.org/10.3389/fpsyg.2016.01835},
  publisher={Frontiers}
}

@article{cooke2013interactive,
  title={Interactive team cognition},
  author={Cooke, Nancy J and Gorman, Jamie C and Myers, Christopher W and Duran, Jasmine L},
  journal={Cognitive science},
  volume={37},
  number={2},
  pages={255--285},
  year={2013},
  publisher={Wiley Online Library}

}
@book{friedenberg2009dynamical,
  title={Dynamical psychology: Complexity, self-organization and mind.},
  author={Friedenberg, Jay},
  year={2009},
  publisher={ISCE Publishing}
}

@book{chemero2011radical,
  title={Radical embodied cognitive science},
  author={Chemero, Anthony},
  year={2011},
  publisher={MIT press}
}

@book{ward2002dynamical,
  title={Dynamical cognitive science},
  author={Ward, Lawrence M},
  year={2002},
  publisher={MIT press}
}

@article{schilbach2013toward,
  title={Toward a second-person neuroscience 1},
  author={Schilbach, Leonhard and Timmermans, Bert and Reddy, Vasudevi and Costall, Alan and Bente, Gary and Schlicht, Tobias and Vogeley, Kai},
  journal={Behavioral and brain sciences},
  volume={36},
  number={4},
  pages={393--414},
  year={2013},
  publisher={Cambridge University Press}
}

@book{spivey2008continuity,
  title={The continuity of mind},
  author={Spivey, Michael},
  year={2008},
  publisher={Oxford University Press}
}

@article{abawajy2015comprehensive,
  title={Comprehensive analysis of big data variety landscape},
  author={Abawajy, Jemal},
  journal={International journal of parallel, emergent and distributed systems},
  volume={30},
  number={1},
  pages={5--14},
  year={2015},
  publisher={Taylor \& Francis}
}

@article{von2016verbal,
  title={Verbal synchrony and action dynamics in large groups},
  author={von Zimmermann, Jorina and Richardson, Daniel C},
  journal={Frontiers in Psychology},
  volume={7},
  pages={2034},
  year={2016},
  publisher={Frontiers}
}

@article{lahat2015multimodal,
  title={Multimodal data fusion: an overview of methods, challenges, and prospects},
  author={Lahat, Dana and Adali, T{\"u}lay and Jutten, Christian},
  journal={Proceedings of the IEEE},
  volume={103},
  number={9},
  pages={1449--1477},
  year={2015},
  publisher={IEEE}
}

@article{lopez2017combining,
  title={Combining Recurrence Analysis and Automatic Movement Extraction from Video Recordings to Study Behavioral Coupling in Face-to-Face Parent-Child Interactions},
  author={L{\'o}pez P{\'e}rez, David and Leonardi, Giuseppe and Nied{\'z}wiecka, Alicja and Radkowska, Alicja and R{\k{a}}czaszek-Leonardi, Joanna and Tomalski, Przemys{\l}aw},
  journal={Frontiers in psychology},
  volume={8},
  pages={2228},
  year={2017},
  publisher={Frontiers}
}

@article{wallot2018deriving,
  title={Deriving Inferential Statistics from Recurrence Plots: A Recurrence-based Test of Differences between Sample Distributions and its Comparison to the Two-sample Kolmogorov-Smirnov Test},
  author={Wallot, Sebastian and Leonardi, Giuseppe},
  journal={Chaos: An Interdisciplinary Journal of Nonlinear Science},
  volume={28},
  number={8},
  pages={085712},
  year={2018},
  url = {https://doi.org/10.1063/1.5024915},
  publisher={AIP Publishing}
}

@article{wallot2019switching,
  title={Switching between reading tasks leads to phase-transitions in reading times in L1 and L2 readers},
  author={Wallot, Sebastian and Lee, Jun Taek and Kelty-Stephen, Damian G},
  journal={PloS one},
  volume={14},
  number={2},
  pages={e0211502},
  year={2019},
  publisher={Public Library of Science}
}

@article{wijnants2012interaction,
  title={An interaction-dominant perspective on reading fluency and dyslexia},
  author={Wijnants, ML and Hasselman, F and Cox, RFA and Bosman, AMT and Van Orden, G},
  journal={Annals of dyslexia},
  volume={62},
  number={2},
  pages={100--119},
  year={2012},
  publisher={Springer}
}

@article{packard1980geometry,
  title={Geometry from a Time Series},
  author={Packard, Norman H and Crutchfield, James P and Farmer, J Doyne and Shaw, Robert S},
  journal={Physical review letters},
  volume={45},
  number={9},
  pages={712},
  year={1980},
  url = {https://doi.org/10.1103/PhysRevLett.45.712},
  publisher={APS}
}

@InProceedings{takens1981detecting,
  author="Takens, Floris",
  editor="Rand, David
  and Young, Lai-Sang",
  title={Detecting Strange Attractors in Turbulence},
  booktitle="Dynamical Systems and Turbulence, Warwick 1980",
  year="1981",
  publisher="Springer Berlin Heidelberg",
  address="Berlin, Heidelberg",
  pages="366--381",
  url = {https://doi.org/10.1007/BFb0091924}
}

@article{garland2016exploring,
  title = {Exploring the Topology of Dynamical Reconstructions},
  journal = "Physica D: Nonlinear Phenomena",
  volume = "334",
  pages = "49 - 59",
  year = "2016",
  note = "Topology in Dynamics, Differential Equations, and Data",
  url = {https://doi.org/10.1016/j.physd.2016.03.006},
  author = "Joshua Garland and Elizabeth Bradley and James D. Meiss"
}

@article{zbilut1992embeddings,
  title = {Embeddings and Delays as Derived from Quantification of Recurrence Plots},
  journal = "Physics Letters A",
  volume = "171",
  number = "3",
  pages = "199 - 203",
  year = "1992",
  url = {https://doi.org/10.1016/0375-9601(92)90426-M},
  author = "Joseph P. Zbilut and Charles L. Webber"
}

@article{marwan2007recurrence,
    title = {Recurrence Plots for the Analysis of Complex Systems},
    journal = "Physics Reports",
    volume = "438",
    number = "5",
    pages = "237 - 329",
    year = "2007",
    issn = "0370-1573",
    url = {https://doi.org/10.1016/j.physrep.2006.11.001},
    author = "Norbert Marwan and M. Carmen Romano and Marco Thiel and Jürgen Kurths"
}

@article{zbilut1998detecting,
    title = {Detecting Deterministic Signals in Exceptionally Noisy Environments using Cross-Recurrence Quantification},
    journal = "Physics Letters A",
    volume = "246",
    number = "1",
    pages = "122 - 128",
    year = "1998",
    issn = "0375-9601",
    url = {https://doi.org/10.1016/S0375-9601(98)00457-5/},
    author = "Joseph P. Zbilut and Alessandro Giuliani and Charles L. Webber"
}

@article{wallot2017recurrence,
    author = {Sebastian Wallot},
    title = {Recurrence Quantification Analysis of Processes and Products of Discourse: A Tutorial in R},
    journal = {Discourse Processes},
    volume = {54},
    number = {5-6},
    pages = {382-405},
    year  = {2017},
    publisher = {Routledge},
    url = {https://doi.org/10.1080/0163853X.2017.1297921}
}

@ARTICLE{wallot2018analyzing,
  AUTHOR={Wallot, Sebastian and Leonardi, Giuseppe},   
	 TITLE={Analyzing Multivariate Dynamics Using Cross-Recurrence Quantification Analysis (CRQA), Diagonal-Cross-Recurrence Profiles (DCRP), and Multidimensional Recurrence Quantification Analysis (MdRQA) -- A Tutorial in R},      
	JOURNAL={Frontiers in Psychology},      
	VOLUME={9},
	PAGES={2232},     
	YEAR={2018},
	url = {https://doi.org/10.3389/fpsyg.2018.02232},      
	ISSN={1664-1078}
}

@article{wallot2019multidimensional,
    author = {Sebastian Wallot},
    title = {Multidimensional Cross-Recurrence Quantification Analysis (MdCRQA) -- A Method for Quantifying Correlation between Multivariate Time-Series},
    journal = {Multivariate Behavioral Research},
    volume = {54},
    number = {2},
    pages = {173-191},
    year  = {2019},
    publisher = {Routledge},
    url = {https://doi.org/10.1080/00273171.2018.1512846}
}

@article{dale2011nominal,
  title={Nominal Cross Recurrence as a Generalized Lag Sequential Analysis for Behavioral Streams},
  author={Dale, Rick and Warlaumont, Anne S and Richardson, Daniel C},
  journal={International Journal of Bifurcation and Chaos},
  volume={21},
  number={04},
  pages={1153--1161},
  year={2011},
  url = {https://doi.org/10.1142/S0218127411028970},
  publisher={World Scientific}
}

@article{kennel1992determining,
  title = {Determining Embedding Dimension for Phase-space Reconstruction using a Geometrical Construction},
  author = {Kennel, Matthew B. and Brown, Reggie and Abarbanel, Henry D. I.},
  journal = {Phys. Rev. A},
  volume = {45},
  issue = {6},
  pages = {3403--3411},
  numpages = {0},
  year = {1992},
  month = {Mar},
  publisher = {American Physical Society},
  url = {https://doi.org/10.1103/PhysRevA.45.3403},
}

@article{fraser1986independent,
  title = {Independent Coordinates for Strange Attractors from Mutual Information},
  author = {Fraser, Andrew M. and Swinney, Harry L.},
  journal = {Phys. Rev. A},
  volume = {33},
  issue = {2},
  pages = {1134--1140},
  numpages = {0},
  year = {1986},
  month = {Feb},
  publisher = {American Physical Society},
  url = {https://doi.org/10.1103/PhysRevA.33.1134},
}

@article{webber1994dynamical,
    author = {Webber, C. L. and Zbilut, J. P.},
    title = {Dynamical Assessment of Physiological Systems and States Using Recurrence Plot Strategies},
    journal = {Journal of Applied Physiology},
    volume = {76},
    number = {2},
    pages = {965-973},
    year = {1994},
    url = {https://doi.org/10.1152/jappl.1994.76.2.965}
}

@article{leonardi2018method,
    title = {A Method for the Computation of Entropy in the Recurrence Quantification Analysis of Categorical Time Series},
    journal = "Physica A: Statistical Mechanics and its Applications",
    volume = "512",
    pages = "824 - 836",
    year = "2018",
    issn = "0378-4371",
    url = {https://doi.org/10.1016/j.physa.2018.08.058},
    author = "Giuseppe Leonardi"
}

@article{Marwan2002heart,
    title = {{Recurrence-plot-based Measures of Complexity and their Application to Heart-rate-variability Data}},    
    author = {Marwan, Norbert and Wessel, Niels and Meyerfeldt, Udo and Schirdewan, Alexander and Kurths, J{\"{u}}rgen},
    doi = {10.1103/PhysRevE.66.026702},
    journal = {Physical Review E},
    month = {aug},
    number = {2},
    pages = {026702},
    primaryClass = {physics},
    volume = {66},
    year = {2002}
}

@misc{webber2005recurrence,
  title={Recurrence quantification analysis of nonlinear dynamical systems. National Science Foundation, Washington DC, USA. Chapter 2, Methods for the Behavioral Sciences, eds. M. Riley and G. Van Orden},
  author={Webber Jr, C and Zbilut, J},
  year={2005},
  url={https://nsf.gov/pubs/2005/nsf05057/nmbs/nmbs.jsp}
}

@article{thomasson2001recurrence,
  title={Recurrence Quantification in Epileptic EEGs},
  author={Thomasson, Nitza and Hoeppner, Thomas J and Webber Jr, Charles L and Zbilut, Joseph P},
  journal={Physics Letters A},
  volume={279},
  number={1-2},
  pages={94--101},
  year={2001},
  publisher={Elsevier}
}

@article{zolotova2006phase,
  title={Phase Asynchrony of the North-South Sunspot Activity},
  author={Zolotova, NV and Ponyavin, DI},
  journal={Astronomy \& Astrophysics},
  volume={449},
  number={1},
  pages={L1--L4},
  year={2006},
  publisher={EDP Sciences}
}

@article{shockley2003mutual,
  title={Mutual Interpersonal Postural Constraints are Involved in Cooperative Conversation.},
  author={Shockley, Kevin and Santana, Marie-Vee and Fowler, Carol A},
  journal={Journal of Experimental Psychology: Human Perception and Performance},
  volume={29},
  number={2},
  pages={326},
  year={2003},
  publisher={American Psychological Association}
}

@article{Shockley2002coupled,
    author = {Shockley, Kevin and Butwill, Matthew and Zbilut, Joseph P. and Webber, Charles L. Jr.},
    journal = {Physics Letters A},
    pages = {59--69},
    title = {Cross Recurrence Quantification of Coupled Oscillators},
    volume = {305},
    year = {2002}
}

@article{Lorenz1963b,
    author = {Lorenz, Edward N.},
    journal = {Journal of the Atmospheric Sciences},
    number = {2},
    pages = {130--141},
    title = {{Deterministic Nonperiodic Flow}},
    volume = {20},
    year = {1963}
}

@article{wallot2016beyond,
  title={Beyond synchrony: joint action in a complex production task reveals beneficial effects of decreased interpersonal synchrony},
  author={Wallot, Sebastian and Mitkidis, Panagiotis and McGraw, John J and Roepstorff, Andreas},
  journal={PloS one},
  volume={11},
  number={12},
  pages={e0168306},
  year={2016},
  publisher={Public Library of Science}
}

@article{monster2016physiological,
title = "Physiological evidence of interpersonal dynamics in a cooperative production task",
journal = "Physiology \& Behavior",
volume = "156",
pages = "24 - 34",
year = "2016",
url = {https://doi.org/10.1016/j.physbeh.2016.01.004},
author = "Dan M{\o}nster and Dorthe D{\o}jbak H{\aa}konsson and Jacob Kj{\ae}r Eskildsen and Sebastian Wallot"
}

@article{pagnotta2020attentional,
  title={Attentional coordination in demonstrator-observer dyads facilitates learning and predicts performance in a novel manual task},
  author={Pagnotta, Murillo and Laland, Kevin N and Coco, Moreno I},
  journal={Cognition},
  volume={201},
  pages={104314},
  year={2020},
  publisher={Elsevier}
}

toBibtex(citation("tseriesChaos",auto=TRUE))

toBibtex(citation("nonlinearTseries",auto=TRUE))

toBibtex(citation("RHRV",auto=TRUE))
