

@article{ihaka:1996,
  Author = {Ihaka, Ross and Gentleman, Robert},
	Journal = {Journal of Computational and Graphical Statistics},
	Number = 3,
	Pages = {299--314},
	Title = {{R}: {A} Language for Data Analysis and Graphics},
	Volume = 5,
	Year = 1996,
        url = {https://doi.org/10.1080/10618600.1996.10474713}
}


% Encoding: UTF-8
@article{alt198817,
  title={17 multivariate process control},
  author={Alt, Frank B and Smith, Nancy D},
  journal={Handbook of statistics},
  volume={7},
  pages={333--351},
  year={1988},
  publisher={Elsevier}
}
@article{bezener2011package,
  title={Package `mnspc'},
  author={Bezener, Martin and Qiu, Peihua and Bezener, Maintainer Martin},
  journal={Transactions},
  volume={40},
  pages={664--677},
  year={2011},
  publisher={Citeseer}
}
@article{bissell1990reliable,
  title={How reliable is your capability index?},
  author={Bissell, AF},
  journal={Applied Statistics},
  pages={331--340},
  year={1990},
  publisher={JSTOR}
}
@article{boyles1991taguchi,
  title={The {T}aguchi capability index},
  author={Boyles, Russell A},
  journal={Journal of Quality Technology},
  volume={23},
  pages={17--26},
  year={1991}
}

@book{brown1990statistical,
  title={Statistical process control},
  author={Brown, Don W and Wetherill, G Barrie},
  year={1990},
  publisher={Chapman and Hall}
}
@Book{cano2017sixsigma,
    title = {Six {S}igma with {R}},
    author = {Emilio L. Cano and Javier M. Moguerza and Andres Redchuk},
    year = {2012},
    publisher = {Springer-Verlag},
    address = {New York},
    volume = {36},
    series = {Use R!},
  }

@Book{cano2017sixsigma2,
    title = {Quality Control with {R}},
    author = {Emilio L. Cano and Javier M. Moguerza and Mariano Prieto Corcoba},
    year = {2015},
    publisher = {Springer-Verlag},
    address = {New York},
    series = {Use R!},
  }
@article{cascos2011data,
  title={Data depth in multivariate statistics},
  author={Cascos, Ignacio and L{\'o}pez, Angel and Romo, Juan},
  journal={Bolet{\'\i}n de Estad{\'\i}stica e Investigaci{\'o}n Operativa},
  volume={27},
  number={3},
  pages={151--174},
  year={2011}
}

@article{champ1987exact,
  title={Exact results for {S}hewhart control charts with supplementary runs rules},
  author={Champ, Charles W and Woodall, William H},
  journal={Technometrics},
  volume={29},
  number={4},
  pages={393--399},
  year={1987}
}

@article{chang1994pci,
  title={{PCI} calculations for any shape of distribution with percentile},
  author={Chang, Pao-Long and Lu, Kuen-Horng},
  journal={Quality World Technical Supplement},
  pages={110--114},
  year={1994}
}
@article{chou1990lower,
  title={Lower confidence limits on process capability indices},
  author={Chou, Youn-Min and Owen, DB and Borrego A, SA},
  journal={Journal of Quality Technology},
  volume={22},
  number={3},
  pages={223--229},
  year={1990},
  publisher={American Society for Quality}
}
@article{crosier1988multivariate,
  title={Multivariate generalizations of cumulative sum quality-control schemes},
  author={Crosier, Ronald B},
  journal={Technometrics},
  volume={30},
  number={3},
  pages={291--303},
  year={1988},
  publisher={Taylor \& Francis Group}
}
@article{deleryd1999process,
  title={Process capability plots \textendash \ a quality improvement tool},
  author={Deleryd, Mats and V{\"a}nnman, Kerstin},
  journal={Quality and Reliability Engineering International},
  volume={15},
  number={3},
  pages={213--227},
  year={1999},
  publisher={Wiley Online Library}
}
@article{dyckerhoff2004data,
  title={Data depths satisfying the projection property},
  author={Dyckerhoff, Rainer},
  journal={Allgemeines Statistisches Archiv},
  volume={88},
  number={2},
  pages={163--190},
  year={2004},
  publisher={Springer-Verlag}
}
  
@Article{edcc,
    title = {{edcc}: An {R} Package for the Economic Design of the Control Chart},
    author = {Weicheng Zhu and Changsoon Park},
    journal = {Journal of Statistical Software},
    year = {2013},
    volume = {52},
    number = {9},
    pages = {1--24},
    url = {http://www.jstatsoft.org/v52/i09/},
 }

 @Manual{flores2016qualityreview,
    title = {qcr: {Q}uality Control Review},
    author = {Miguel Flores and Rub\'en Fern\'andez--Casal and Salvador Naya and Javier Tarr\'io--Saavedra},
    year = {2021},
    note = {R package version 1.3},
    url = {https://CRAN.R-project.org/package=qcr},
  }

@article{fraiman1997multivariate,
  title={Multivariate density estimation by probing depth},
  author={Fraiman, Ricardo and Liu, Regina Y and Meloche, Jean},
  journal={Lecture Notes-Monograph Series},
  pages={415--430},
  year={1997},
  publisher={JSTOR}
}
@article{gruska1989non,
  title={Non Normal Data Analysis},
  author={Gruska, GF and Mirkhani, K and Lamberson, LR},
  journal={St. Clair Shores, MI: Applied Computer Solutions, Inc},
  year={1989}
}

@Article{GruskaMirkhaniLamberson1989,
  author =  {Gruska, GF and Mirkhani, K and Lamberson, LR},
  title =   {Non Normal Data Analysis},
  journal = {St. Clair Shores, MI: Applied Computer Solutions, Inc},
  year =    {1989}
}
@article{hawkins1991multivariate,
  title={Multivariate quality control based on regression-adiusted variables},
  author={Hawkins, Douglas M},
  journal={Technometrics},
  volume={33},
  number={1},
  pages={61--75},
  year={1991},
  publisher={Taylor \& Francis}
}
@article{healy1987note,
  title={A note on multivariate {CUSUM} procedures},
  author={Healy, John D},
  journal={Technometrics},
  volume={29},
  number={4},
  pages={409--412},
  year={1987},
  publisher={Taylor \& Francis}
}
@article{hubele2004effect,
  title={The Effect of Pooled and Un-pooled Variance Estimators on $C_{pm}$ sub When Using Subsamples},
  author={Hubele, Norma Faris and Vannman, Kerstin},
  journal={Journal of quality technology},
  volume={36},
  number={2},
  pages={207},
  year={2004},
  publisher={American Society for Quality}
}
@article{liu1990notion,
  title={On a notion of data depth based on random simplices},
  author={Liu, Regina},
  journal={The Annals of Statistics},
  volume={18},
  number={1},
  pages={405--414},
  year={1990},
  publisher={Institute of Mathematical Statistics}
}@article{liu1995control,
  title={Control charts for multivariate processes},
  author={Liu, Regina Y},
  journal={Journal of the American Statistical Association},
  volume={90},
  number={432},
  pages={1380--1387},
  year={1995},
  publisher={Taylor \& Francis Group}
}
@article{liu1996control,
  title={Control charts for dependent and independent measurements based on bootstrap methods},
  author={Liu, Regina Y and Tang, Jen},
  journal={Journal of the American Statistical Association},
  volume={91},
  number={436},
  pages={1694--1700},
  year={1996},
  publisher={Taylor \& Francis Group}
}
@article{lowry1992multivariate,
  title={A multivariate exponentially weighted moving average control chart},
  author={Lowry, Cynthia A and Woodall, William H and Champ, Charles W and Rigdon, Steven E},
  journal={Technometrics},
  volume={34},
  number={1},
  pages={46--53},
  year={1992},
  publisher={Taylor \& Francis}
}
@article{mahalanobis1936generalised,
  title={On the generalised distance in statistics},
  author={Mahalanobis, Prasanta Chandra},
  journal={Proceedings of the National Institute of Sciences of India, 1936},
  pages={49--55},
  year={1936}
}
@book{montgomery2009introduction,
  title={Introduction to statistical quality control},
  author={Montgomery, Douglas C},
  year={2009},
  publisher={John Wiley \& Sons (New York)}
}
  
@Article{MPCI,
    title = {{MPCI}: An {R} Package for Computing Multivariate Process Capability Indices},
    author = {Edgar Santos-Fern{\'a}ndez and Michele Scagliarini},
    journal = {Journal of Statistical Software},
    year = {2012},
    volume = {47},
    number = {7},
    pages = {1--15},
    url = {http://www.jstatsoft.org/v47/i07/},
}

@article{page1954continuous,
  title={Continuous inspection schemes},
  author={Page, Ewan S},
  journal={Biometrika},
  volume={41},
  number={1/2},
  pages={100--115},
  year={1954}
}

@book{pande2000six,
  title={The six sigma way: How {GE}, {M}otorola, and other top companies are honing their performance},
  author={Pande, Peter S and Neuman, Robert P and Cavanagh, Roland R},
  year={2000},
  publisher={McGraw-Hill (New York)}
}
@article{pearn1997practical,
  title={A practical implementation of the process capability index $C_{pk}$},
  author={Pearn, WL and Chen, KS},
  journal={Quality Engineering},
  volume={9},
  number={4},
  pages={721--737},
  year={1997},
  publisher={Taylor \& Francis}
}
@article{pignatiello1990comparisons,
  title={Comparisons of multivariate {CUSUM} charts},
  author={Pignatiello, Joseph J and Runger, George C},
  journal={Journal of quality technology},
  volume={22},
  number={3},
  pages={173--186},
  year={1990}
}
@article{polansky2007process,
  title={Process Capability Indices, Nonparametric},
  author={Polansky, Alan M},
  journal={Encyclopedia of Statistics in Quality and Reliability},
  year={2007},
  publisher={Wiley Online Library}
}

@Manual{R,
  title =        {{R}: A Language and Environment for Statistical Computing},
  author =       {{R Core Team}},
  organization = {R Foundation for Statistical Computing},
  address =      {Vienna, Austria},
  year =         {2021},
  url =          {https://www.R-project.org/}
}

  @Manual{recchia2010iqcc,
    title = {{IQCC: I}mproved Quality Control Charts},
    author = {Flavio Barros},
    year = {2017},
    note = {R package version 0.7},
    url = {https://CRAN.R-project.org/package=IQCC},
  }


@article{roberts1959control,
  title={Control chart tests based on geometric moving averages},
  author={Roberts, SW},
  journal={Technometrics},
  volume={1},
  number={3},
  pages={239--250},
  year={1959}
}
 
 @Manual{roth2012qualitytools,
    title = {{qualityTools: S}tatistics in Quality Science.},
    author = {Thomas Roth},
    year = {2016},
    note = {R package version 1.55 http://www.r-qualitytools.org},
    url = {http://www.r-qualitytools.org},
  }


@article{runger1996markov,
  title={A Markov chain model for the multivariate exponentially weighted moving averages control chart},
  author={Runger, George C and Prabhu, Sharad S},
  journal={Journal of the American Statistical Association},
  volume={91},
  number={436},
  pages={1701--1706},
  year={1996},
  publisher={Taylor \& Francis}
}

@Book{santos2016package,
    title = {Multivariate Statistical Quality Control Using {R}},
    author = {Edgar Santos-Fernandez},
    publisher = {Springer-Verlag},
    year = {2013},
    volume = {14},
    isbn = {9781461454533},
    url = {http://www.springer.com/statistics/computational+statistics/book/978-1-4614-5452-6},
  }

@Article{scrucca2004qcc,
    title = {{qcc}: {A}n {R} package for quality control charting and statistical process control},
    author = {Luca Scrucca},
    journal = {R News},
    year = {2004},
    pages = {11--17},
    volume = {4/1},
    url = {https://cran.r-project.org/doc/Rnews/},
  }
  
  @Manual{spc,
    title = {spc: Statistical Process Control -- Calculation of ARL and Other
Control Chart Performance Measures},
    author = {Sven Knoth},
    year = {2021},
    note = {R package version 0.6.5},
    url = {https://CRAN.R-project.org/package=spc},
  }


@Article{spcadjust,
    title = {Guaranteed Conditional Performance of Control Charts via Bootstrap Methods},
    author = {Axel Gandy and Jan Terje Kvaloy},
    year = {2013},
    journal = {Scandinavian Journal of Statistics},
    doi = {10.1002/sjos.12006},
    volume = {40},
    issue = {4},
    pages = {647--668},
  }
@article{tong1998lower,
  title={Lower confidence limits of process capability indices for non-normal process distributions},
  author={Tong, Lee-Ing and Chen, Jann-Pygn},
  journal={International Journal of Quality \& Reliability Management},
  volume={15},
  number={8/9},
  pages={907--919},
  year={1998},
  publisher={MCB UP Ltd}
}
@inproceedings{tukey1975mathematics,
  title={Mathematics and the picturing of data},
  author={Tukey, John W},
  booktitle={Proceedings of the international congress of mathematicians},
  volume={2},
  pages={523--531},
  year={1975}
}
@article{vannman1995unified,
  title={A unified approach to capability indices},
  author={V{\"a}nnman, Kerstin},
  journal={Statistica Sinica},
  pages={805--820},
  year={1995},
  publisher={JSTOR}
}
@incollection{vannman2001graphical,
  title={A graphical method to control process capability},
  author={V{\"a}nnman, Kerstin},
  booktitle={Frontiers in Statistical Quality Control 6},
  pages={290--311},
  year={2001},
  publisher={Springer-Verlag}
}
@article{vannman2006safety,
  title={Safety regions in process capability plots},
  author={V{\"a}nnman, Kerstin},
  journal={Quality Technology \& Quantitative Management},
  volume={3},
  number={2},
  pages={227--246},
  year={2006},
  publisher={Taylor \& Francis}
}

@article{woodall1985multivariate,
  title={Multivariate {CUSUM} quality-control procedures},
  author={Woodall, William H and Ncube, Matoteng M},
  journal={Technometrics},
  volume={27},
  number={3},
  pages={285--292},
  year={1985},
  publisher={Taylor \& Francis}
}

@article{zuo2000general,
  title={General notions of statistical depth function},
  author={Zuo, Yijun and Serfling, Robert},
  journal={Annals of statistics},
  pages={461--482},
  year={2000},
  publisher={JSTOR}
}

@article{woodall2000controversies,
  title={Controversies and contradictions in statistical process control},
  author={Woodall, William H},
  journal={Journal of Quality Technology},
  volume={32},
  number={4},
  pages={341--350},
  year={2000}
}

@article{flores2020constructing,
  title={Constructing a Control Chart Using Functional Data},
  author={Flores, Miguel and Naya, Salvador and Fern{\'a}ndez-Casal, Rub{\'e}n and Zaragoza, Sonia and Ra{\~n}a, Paula and Tarr{\'\i}o-Saavedra, Javier},
  journal={Mathematics},
  volume={8},
  number={1},
  pages={58},
  year={2020}
}

@article{fraiman2001trimmed,
  title={Trimmed means for functional data},
  author={Fraiman, Ricardo and Muniz, Graciela},
  journal={Test},
  volume={10},
  number={2},
  pages={419--440},
  year={2001},
  publisher={Springer}
}

@article{cuevas2007robust,
  title={Robust estimation and classification for functional data via projection-based depth notions},
  author={Cuevas, Antonio and Febrero, Manuel and Fraiman, Ricardo},
  journal={Computational Statistics},
  volume={22},
  number={3},
  pages={481--496},
  year={2007}
}
