@article{fama2004capital,
  title={The capital asset pricing model: Theory and evidence},
  author={Fama, Eugene F and French, Kenneth R},
  journal={Journal of economic perspectives},
  volume={18},
  number={3},
  pages={25--46},
  year={2004}
}


@article{lintner1965valuation,
  title={The Valuation of Risk Assets and the Selection of Risky Investments in Stock Portfolios and Capital Budgets},
  author={Lintner, John},
  journal={Review of Economics and Statistics},
  volume={47},
  number={1},
  pages={13--37},
  year={1965}
}

@article{sharpe1964capital,
  title={Capital asset prices: A theory of market equilibrium under conditions of risk},
  author={Sharpe, William F},
  journal={The journal of finance},
  volume={19},
  number={3},
  pages={425--442},
  year={1964},
  publisher={Wiley Online Library}
}

@Manual{rollRegress,
    title = {rollRegres: Fast Rolling and Expanding Window Linear Regression},
    author = {Benjamin Christoffersen},
    year = {2019},
    note = {R package version 0.1.3},
    url = {https://CRAN.R-project.org/package=rollRegres},
  }



@article{frazzini2014betting,
  title={Betting against beta},
  author={Frazzini, Andrea and Pedersen, Lasse Heje},
  journal={Journal of Financial Economics},
  volume={111},
  number={1},
  pages={1--25},
  year={2014},
  publisher={Elsevier}
}


@article{jensen1972capital,
  title={The capital asset pricing model: Some empirical tests},
  author={Jensen, Michael C and Black, Fischer and Scholes, Myron S},
  year={1972},
  publisher={Praeger Publishers Inc}
}


@article{haugen1996commonality,
  title={Commonality in the determinants of expected stock returns},
  author={Haugen, Robert A and Baker, Nardin L},
  journal={Journal of financial economics},
  volume={41},
  number={3},
  pages={401--439},
  year={1996},
  publisher={Elsevier}
}


@Manual{parallel,
    title = {R: A Language and Environment for Statistical Computing},
    author = {{R Core Team}},
    organization = {R Foundation for Statistical Computing},
    address = {Vienna, Austria},
    year = {2020},
    url = {https://www.R-project.org/},
  }


@Article{plyr,
    title = {The Split-Apply-Combine Strategy for Data Analysis},
    author = {Hadley Wickham},
    journal = {Journal of Statistical Software},
    year = {2011},
    volume = {40},
    number = {1},
    pages = {1--29},
    url = {http://www.jstatsoft.org/v40/i01/},
  }

 @Book{ggplot2,
    author = {Hadley Wickham},
    title = {ggplot2: Elegant Graphics for Data Analysis},
    publisher = {Springer-Verlag New York},
    year = {2016},
    isbn = {978-3-319-24277-4},
    url = {https://ggplot2.tidyverse.org},
  }

 @Article{lubridate,
    title = {Dates and Times Made Easy with {lubridate}},
    author = {Garrett Grolemund and Hadley Wickham},
    journal = {Journal of Statistical Software},
    year = {2011},
    volume = {40},
    number = {3},
    pages = {1--25},
    url = {http://www.jstatsoft.org/v40/i03/},
  }


@Manual{data.table,
    title = {data.table: Extension of `data.frame`},
    author = {Matt Dowle and Arun Srinivasan},
    year = {2019},
    note = {R package version 1.12.8},
    url = {https://CRAN.R-project.org/package=data.table},
  }


@Manual{dplyr,
    title = {dplyr: A Grammar of Data Manipulation},
    author = {Hadley Wickham and Romain François and Lionel Henry and Kirill Müller},
    year = {2020},
    note = {R package version 0.8.5},
    url = {https://CRAN.R-project.org/package=dplyr},
  }


@misc{CRSP,
author = {CRSP},
title = {Center For Research in Security Prices},
url = {http://www.crsp.org}
}


@misc{COMPUSTAT,
author = {COMPUSTAT},
title = {Compustat North America},
url = {http://datalib.edina.ac.uk/catalogue/compustat}
}


@book{bali2016empirical,
  title={Empirical asset pricing: The cross section of stock returns},
  author={Bali, Turan G and Engle, Robert F and Murray, Scott},
  year={2016},
  publisher={John Wiley \& Sons}
}


@article{beaver2007delisting,
  title={Delisting returns and their effect on accounting-based market anomalies},
  author={Beaver, William and McNichols, Maureen and Price, Richard},
  journal={Journal of Accounting and Economics},
  volume={43},
  number={2-3},
  pages={341--368},
  year={2007},
  publisher={Elsevier}
}

@article{harvey2016and,
  title={… and the cross-section of expected returns},
  author={Harvey, Campbell R and Liu, Yan and Zhu, Heqing},
  journal={The Review of Financial Studies},
  volume={29},
  number={1},
  pages={5--68},
  year={2016},
  publisher={Oxford University Press}
}

@Manual{R,
  title = {R: A Language and Environment for Statistical Computing},
  author = {{R Core Team}},
  organization = {R Foundation for Statistical Computing},
  address = {Vienna, Austria},
  year = {2012},
  note = {{ISBN} 3-900051-07-0},
  url = {http://www.R-project.org/},
}

@article{ihaka:1996,
  Author = {Ihaka, Ross and Gentleman, Robert},
	Journal = {Journal of Computational and Graphical Statistics},
	Number = 3,
	Pages = {299--314},
	Title = {R: A Language for Data Analysis and Graphics},
	Volume = 5,
	Year = 1996}

@article{fama1993common,
  title={Common risk factors in the returns on stocks and bonds},
  author={Fama, Eugene F and French, Kenneth R},
  journal={Journal of Finance},
  year={1993}
}


@article{fama2015five,
  title={A five-factor asset pricing model},
  author={Fama, Eugene F and French, Kenneth R},
  journal={Journal of financial economics},
  volume={116},
  number={1},
  pages={1--22},
  year={2015},
  publisher={Elsevier}
}



@article{chen2020open,
  title={Open source cross-sectional asset pricing},
  author={Chen, Andrew Y and Zimmermann, Tom},
  journal={Available at SSRN},
  year={2020}
}


@article{li2014limits,
  title={The limits to arbitrage and the low-volatility anomaly},
  author={Li, Xi and Sullivan, Rodney N and Garcia-Feij{\'o}o, Luis},
  journal={Financial Analysts Journal},
  volume={70},
  number={1},
  pages={52--63},
  year={2014},
  publisher={Taylor \& Francis}
}


