@article{Carpenter:2003uy,
	author = {Carpenter, James R and Goldstein, Harvey and Rasbash, Jon},
	title = {A novel bootstrap procedure for assessing the relationship between class size and achievement},
	journal = {Journal of the Royal Statistical Society, Series C},
	year = {2003},
	volume = {52},
	number = {4},
	pages = {431--443},
	url = {https://doi.org/10.1111/1467-9876.00415}}

@article{Chambers:2013ba,
	author = {Chambers, Raymond and Chandra, Hukum},
	title = {A Random Effect Block Bootstrap for Clustered Data},
	journal = {Journal of Computational and Graphical Statistics},
	year = {2013},
	volume = {22},
	number = {2},
	pages = {452--470},
	url = {https://doi.org/10.1080/10618600.2012.681216}}

@article{Field:2007vm,
	author = {Field, Christopher A and Welsh, A H},
	title = {Bootstrapping clustered data},
	journal = {Journal of the Royal Statistical Society, Series B},
	year = {2007},
	volume = {69},
	number = {3},
	pages = {369--390},
	url = {https://doi.org/10.1111/j.1467-9868.2007.00593.x}}
	
@article{Morris:2002tj,
    author = {Morris, Jeffrey S},
    title = {{The BLUPs are not {\textquotedblleft}best{\textquotedblright} when it comes to bootstrapping}},
    journal = {Statistics and Probability Letters},
    year = {2002},
    volume = {56},
    number = {4},
    pages = {425--430},
    url = {https://doi.org/10.1016/S0167-7152(02)00041-X}
}

@manual{Rasbash:2012,
	Author = {Jon Rasbash and Fiona Steele and William J. Browne and Harvey Goldstein},
	Organization = {Centre for Multilevel Modelling, University of Bristol},
	Title = {A User's Guide to MLwiN, v2.26},
	Year = {2012},
	url = {http://www.bristol.ac.uk/cmm/software/mlwin/download/2-26/manual-web.pdf}}

@book{shao1995jackknife,
 	 title={The jackknife and bootstrap},
 	 author={Shao, Jun and Tu, Dongsheng},
	 year={1995},
  	publisher={Springer}}

@incollection{VanderLeeden:2008,
	year={2008},
	isbn={978-0-387-73183-4},
	booktitle={Handbook of Multilevel Analysis},
	editor={de Leeuw, Jan and Meijer, Erik},
	title={Resampling Multilevel Models},
	publisher={Springer New York},
	author={Van der Leeden, Rien and Meijer, Erik and Busing, Frank M.T.A.},
	pages={401-433},
	url = {https://doi.org/10.1007/978-0-387-73186-5_11}}


@Article{lme4,
    title = {Fitting Linear Mixed-Effects Models Using {lme4}},
    author = {Douglas Bates and Martin M{\"a}chler and Ben Bolker and Steve Walker},
    journal = {Journal of Statistical Software},
    year = {2015},
    volume = {67},
    number = {1},
    pages = {1--48},
    url = {https://doi.org/10.18637/jss.v067.i01},
  }

@Manual{nlme,
    title = {{nlme}: Linear and Nonlinear Mixed Effects Models},
    author = {Jose Pinheiro and Douglas Bates and Saikat DebRoy and Deepayan Sarkar and {R Core Team}},
    year = {2017},
    note = {R package version 3.1-131},
    url = {https://CRAN.R-project.org/package=nlme},
  }
  

@ARTICLE{Loy2017-fo,
  title     = "Model Choice and Diagnostics for Linear {Mixed-Effects} Models Using Statistics on Street Corners",
  author    = "Loy, Adam and Hofmann, Heike and Cook, Dianne",
  journal   = "Journal of Computational and Graphical Statistics",
  volume    =  26,
  number    =  3,
  pages     = "478--492",
  year      =  2017,
  url       = "https://doi.org/10.1080/10618600.2017.1330207"
}


@MISC{Sanchez-Espigares2009-yg,
  title        = "An {R} implementation of bootstrap procedures for mixed
                  models",
  author       = "S{\'a}nchez-Espigares, Jos{\'e} A and Oca{\~n}a, Jordi",
  year         =  2009,
  url          = "https://www.r-project.org/conferences/useR-2009/slides/SanchezEspigares+Ocana.pdf",
  howpublished = "The R User Conference 2009",
  location     = "Rennes, France"
}


@book{goldstein2011,
  title={Multilevel Statistical Models},
  author={Goldstein, Harvey},
  year={2011},
  publisher={John Wiley \& Sons, Ltd.},
  edition={4},
  address={West Sussex},
  url = {https://doi.org/10.1002/9780470973394}
}

@book{raudenbush,
	Address = {Thousand Oaks, CA},
	Author = {Stephen W. Raudenbush and Anthony S. Bryk},
	Keywords = {hierarchical linear models},
	Publisher = {Sage Publications, Inc.},
	Title = {Hierarchical Linear Models: Applications and Data Analysis Methods},
	edition = {2},
	Year = {2002}
	}


@BOOK{Mortimore1988-xv,
  title     = "School Matters",
  author    = "Mortimore, Peter and Sammons, Pamela and Stoll, Louise and Ecob,
               Russell",
  publisher = "University of California Press",
  year      =  1988
}



@ARTICLE{Liu1988-zw,
  title     = "Bootstrap procedures under some non-I.i.d. models",
  author    = "Liu, Regina Y",
  journal   = "Annals of statistics",
  publisher = "Institute of Mathematical Statistics",
  volume    =  16,
  number    =  4,
  pages     = "1696--1708",
  month     =  dec,
  year      =  1988,
  url       = "https://doi.org/10.1214/aos/1176351062"
}

@ARTICLE{Flachaire2005-qo,
  title   = "Bootstrapping heteroskedastic regression models: wild bootstrap
             vs. pairs bootstrap",
  author  = "Flachaire, Emmanuel",
  journal = "Computational statistics \& data analysis",
  volume  =  49,
  number  =  2,
  pages   = "361--376",
  year    =  2005,
  url     = "https://doi.org/10.1016/j.csda.2004.05.018"
}

@ARTICLE{Davidson2008-vq,
  title   = "The wild bootstrap, tamed at last",
  author  = "Davidson, Russell and Flachaire, Emmanuel",
  journal = "Journal of econometrics",
  volume  =  146,
  number  =  1,
  pages   = "162--169",
  year    =  2008,
  url     = "https://doi.org/10.1016/j.jeconom.2008.08.003"
}


@ARTICLE{Modugno2015-kd,
  title     = "The Wild Bootstrap for Multilevel Models",
  author    = "Modugno, Lucia and Giannerini, Simone",
  journal   = "Communications in Statistics - Theory and Methods",
  volume    =  44,
  number    =  22,
  pages     = "4812--4825",
  year      =  2015,
  url       = "https://doi.org/10.1080/03610926.2013.802807"
}


@ARTICLE{Mammen1993-eo,
  title     = "Bootstrap and Wild Bootstrap for High Dimensional Linear Models",
  author    = "Mammen, Enno",
  journal   = "Annals of statistics",
  publisher = "Institute of Mathematical Statistics",
  volume    =  21,
  number    =  1,
  pages     = "255--285",
  year      =  1993,
  url = {https://doi.org/10.1214/aos/1176349025}
}


@article{Vonesh:1992us,
	author = {Vonesh, Edward F and Carter, Randy L},
	title = {Mixed-effects nonlinear regression for unbalanced repeated measures},
	journal = {Biometrics},
	year = {1992},
	volume = {48},
	number = {1},
	pages = {1--17}
	}

@book{Pinhiero:2000vf,
	Address = {New York},
	Author = {Jose C Pinheiro and Douglas M Bates},
	Publisher = {Springer-Verlag},
	Title = {Mixed-Effects Models in S and S-PLUS},
	Year = {2000},
	url = {https://doi.org/10.1007/b98882}
}

@Article{buja2009,
    title = {Statistical Inference for Exploratory Data
Analysis and Model Diagnostics},
    author = {Andreas Buja and Dianne Cook and Heike Hofmann and Michael Lawrence and Eun-kyung Lee and Deborah F. Swayne and Hadley Wickham},
    journal = {Royal Society Philosophical Transactions A},
    year = {2009},
    volume = {367},
    number = {1906},
    pages = {4361--4383},
    url = {https://doi.org/10.1098/rsta.2009.0120}
  }
  
@Manual{foreach,
    title = {foreach: Provides Foreach Looping Construct},
    author = {{Microsoft} and Steve Weston},
    year = {2020},
    note = {R package version 1.5.1},
    url = {https://CRAN.R-project.org/package=foreach},
  }

@Manual{doparallel,
    title = {doParallel: Foreach Parallel Adaptor for the 'parallel' Package},
    author = {Microsoft and Steve Weston},
    year = {2020},
    note = {R package version 1.0.16},
    url = {https://CRAN.R-project.org/package=doParallel}
  }


@Book{galecki2013,
    title = {Linear Mixed-Effects Models Using R: A Step-by-Step Approach},
    author = {Andrzej Galecki and Tomasz Burzykowski},
    publisher = {Springer},
    address = {New York},
    year = {2013},
    url = {https://doi.org/10.1007/978-1-4614-3900-4}
  }
  
@Manual{ggdist,
    title = {{ggdist}: Visualizations of Distributions and Uncertainty},
    author = {Matthew Kay},
    year = {2021},
    note = {R package version 2.4.0},
    url = {https://doi.org/10.5281/zenodo.3879620}
  }

@Article{hlmdiag,
    title = {{HLMdiag}: A Suite of Diagnostics for Hierarchical Linear Models in {R}},
    author = {Adam Loy and Heike Hofmann},
    journal = {Journal of Statistical Software},
    year = {2014},
    volume = {56},
    number = {5},
    pages = {1--28},
    url = {https://doi.org/10.18637/jss.v056.i05}
  }
  
@ARTICLE{Nakagawa2010-co,
  title     = "Repeatability for Gaussian and non-Gaussian data: a practical guide for biologists",
  author    = "Nakagawa, Shinichi and Schielzeth, Holger",
  journal   = "Biological reviews of the Cambridge Philosophical Society",
  volume    =  85,
  number    =  4,
  pages     = "935--956",
  year      =  2010,
  url       = "https://doi.org/10.1111/j.1469-185X.2010.00141.x"
}

@Article{rptR,
    title = {{rptR}: Repeatability estimation and variance decomposition by generalized linear mixed-effects models},
    author = {Martin A. Stoffel and Shinichi Nakagawa and Holger Schielzeth},
    journal = {Methods in Ecology and Evolution},
    year = {2017},
    volume = {8},
    issue = {11},
    pages = {1639--1644},
    url = {https://doi.org/10.1111/2041-210X.12797}
  }
  

@ARTICLE{Singer2017-sd,
  title   = "Graphical Tools for Detecting Departures from Linear Mixed Model
             Assumptions and Some Remedial Measures",
  author  = "Singer, Julio M and Rocha, Francisco M M and Nobre, Juv{\^e}ncio S",
  journal = "International statistical review = Revue internationale de
             statistique",
  volume  =  85,
  number  =  2,
  pages   = "290--324",
  year    =  2017,
  url     = "https://doi.org/10.1111/insr.12178"
}


@ARTICLE{Haslett2007-kl,
  title   = "The Three Basic Types of Residuals for a Linear Model",
  author  = "Haslett, John and Haslett, Stephen J",
  journal = "International statistical review",
  volume  =  75,
  number  =  1,
  pages   = "1--24",
  year    =  2007,
  url     = "https://doi.org/10.1111/j.1751-5823.2006.00001.x"
}



@ARTICLE{Mccullagh2000-st,
  title     = "Resampling and exchangeable arrays",
  author    = "Mccullagh, Peter",
  journal   = "Bernoulli",
  volume    =  6,
  number    =  2,
  pages     = "285--301",
  year      =  2000,
  url       = "https://doi.org/10.2307/3318577",
}

@Article{pbkrtest,
    title = {A Kenward-Roger Approximation and Parametric Bootstrap Methods for Tests in Linear Mixed Models -- The {R} Package {pbkrtest}},
    author = {Ulrich Halekoh and S{\o}ren H{\o}jsgaard},
    journal = {Journal of Statistical Software},
    year = {2014},
    volume = {59},
    number = {9},
    pages = {1--30},
    url = {https://doi.org/10.18637/jss.v059.i09},
  }

  @Article{rlrsim,
    title = {Size and power of tests for a zero random effect variance or polynomial
               regression in additive and linear mixed models.},
    author = {Fabian Scheipl and Sonja Greven and Helmut Kuechenhoff},
    year = {2008},
    journal = {Computational Statistics \& Data Analysis},
    volume = {52},
    number = {7},
    pages = {3283--3299},
    url = {https://doi.org/10.1016/j.csda.2007.10.022}
  }
  
  @Article{clme,
    title = {Linear Mixed Efects Models Under Inequality Constraints with Applications},
    author = {Laura Farnan and Anastasia Ivanova and Shyamal D. Peddada},
    journal = {PLOS ONE},
    year = {2014},
    volume = {9},
    number = {1},
    doi = {10.1371/journal.pone.0084778},
  }
  
  
@TECHREPORT{Webb2013-nw,
  title       = "Reworking wild bootstrap based inference for clustered errors",
  author      = "Webb, Matthew D",
  institution = "Queen's Economics Department Working Paper",
  year        =  2013,
  url         = "https://www.econstor.eu/handle/10419/97480"
}


% The entry below contains non-ASCII chars that could not be converted
% to a LaTeX equivalent.
@ARTICLE{Schielzeth2020-gp,
  title     = "Robustness of linear mixed‐effects models to violations of
               distributional assumptions",
  author    = "Schielzeth, Holger and Dingemanse, Niels J and Nakagawa,
               Shinichi and Westneat, David F and Allegue, Hassen and
               Teplitsky, C{\'e}line and R{\'e}ale, Denis and Dochtermann, Ned
               A and Garamszegi, L{\'a}szl{\'o} Zsolt and Araya‐Ajoy, Yimen G",
  journal   = "Methods in ecology and evolution / British Ecological Society",
  publisher = "Wiley",
  volume    =  11,
  number    =  9,
  pages     = "1141--1152",
  month     =  sep,
  year      =  2020,
  url       = "https://onlinelibrary.wiley.com/doi/abs/10.1111/2041-210X.13434",
  copyright = "http://creativecommons.org/licenses/by/4.0/",
  language  = "en",
  issn      = "2041-210X",
  doi       = "10.1111/2041-210x.13434"
}

@ARTICLE{Jacqmin-Gadda2007-ll,
  title   = "Robustness of the linear mixed model to misspecified error
             distribution",
  author  = "Jacqmin-Gadda, H{\'e}l{\`e}ne and Sibillot, Solenne and Proust,
             C{\'e}cile and Molina, Jean-Michel and Thi{\'e}baut, Rodolphe",
  journal = "Computational statistics \& data analysis",
  volume  =  51,
  number  =  10,
  pages   = "5142--5154",
  month   =  jun,
  year    =  2007,
  url     = "https://www.sciencedirect.com/science/article/pii/S016794730600185X",
  issn    = "0167-9473",
  doi     = "10.1016/j.csda.2006.05.021"
}


@ARTICLE{Hui2021-cx,
  title     = "Random effects misspecification can have severe consequences for
               random effects inference in linear mixed models",
  author    = "Hui, Francis K C and M{\"u}ller, Samuel and Welsh, Alan H",
  journal   = "International statistical review = Revue internationale de
               statistique",
  publisher = "Wiley",
  volume    =  89,
  number    =  1,
  pages     = "186--206",
  month     =  apr,
  year      =  2021,
  url       = "https://onlinelibrary.wiley.com/doi/10.1111/insr.12378",
  copyright = "http://onlinelibrary.wiley.com/termsAndConditions\#vor",
  language  = "en",
  issn      = "0306-7734, 1751-5823",
  doi       = "10.1111/insr.12378"
}

@article{Stram:1994wd,
	author = {Stram, Daniel O and Lee, Jae Won},
	title = {Variance Components Testing in the Longitudinal Mixed Effects Model},
	journal = {Biometrics},
	year = {1994},
	volume = {50},
	number = {4},
	pages = {1171--1177}}
	
@book{davison-hinkley,
  author = {Davison, A.C. and Hinkley, D.V.},
  title = {Boostrap Methods and their Application},
  publisher = {Cambridge University Press},
  year = {1997}
}