% put bibtex entries here!
@article{esteve2020,
  title={Efficiency analysis trees: A new methodology for estimating production frontiers through decision trees},
  author={Esteve, Miriam and Aparicio, Juan and Rabasa, Alejandro and Rodriguez-Sala, Jesus J},
  journal={Expert Systems with Applications},
  volume={162},
  pages={113783},
  year={2020},
  publisher={Elsevier}
}

@book{arnaboldi2014,
  title={Performance measurement and management for engineers},
  author={Arnaboldi, Michela and Azzone, Giovanni and Giorgino, Marco},
  year={2014},
  publisher={Academic Press}
}

@article{aparicio2017,
  title={Evaluating productive performance: A new approach based on the product-mix problem consistent with Data Envelopment Analysis},
  author={Aparicio, Juan and Pastor, Jes{\'u}s T and Vidal, Fernando and Zof{\ 'i}o, Jos{\'e} L},
  journal={Omega},
  volume={67},
  pages={134--144},
  year={2017},
  publisher={Elsevier}
}

@book{odonell2018,
  title={Productivity and Efficiency Analysis},
  author={O'Donnell, Christopher J and others},
  year={2018},
  publisher={Springer}
}

@incollection{orea2019,
  title={Common methodological choices in nonparametric and parametric analyses of firms’ performance},
  author={Orea, Luis and Zof{\ 'i}o, Jos{\'e} Luis},
  booktitle={The Palgrave Handbook of Economic Performance Analysis},
  pages={419--484},
  year={2019},
  publisher={Springer}
}

@article{farrel1957,
  title={The measure of productive efficiency},
  author={Farrel, MJ},
  journal={Journal of the Royal Statistical Society},
  volume={120},
  year={1957}
}

@article{koopmans1951,
  title={An analysis of production as an efficient combination of activities},
  author={Koopmans, Tjalling C},
  journal={Activity analysis of production and allocation},
  year={1951},
  publisher={Wiley}
}

@article{debreu1951,
  title={The coefficient of resource utilization},
  author={Debreu, Gerard},
  journal={Econometrica: Journal of the Econometric Society},
  pages={273--292},
  year={1951},
  publisher={JSTOR}
}

@book{shephard1953,
  title={Theory of cost and production functions},
  author={Shephard, Ronald William},
  year={1953},
  publisher={Princeton University Press}
}

@article{afriat1972,
  title={Efficiency estimation of production functions},
  author={Afriat, Sidney N},
  journal={International economic review},
  pages={568--598},
  year={1972},
  publisher={JSTOR}
}

@article{charnes1978,
  title={Measuring the efficiency of decision making units},
  author={Charnes, Abraham and Cooper, William W and Rhodes, Edwardo},
  journal={European journal of operational research},
  volume={2},
  number={6},
  pages={429--444},
  year={1978},
  publisher={North-Holland}
}

@article{banker1984,
  title={Some models for estimating technical and scale inefficiencies in data envelopment analysis},
  author={Banker, Rajiv D and Charnes, Abraham and Cooper, William Wager},
  journal={Management science},
  volume={30},
  number={9},
  pages={1078--1092},
  year={1984},
  publisher={INFORMS}
}

@misc{deprins1984,
  title={Measuring labor efficiency in post offices, The Performance of Public Enterprises: Concepts and Measurements, {M. Marchand, P. Pestieau and H. Tulkens}},
  author={Deprins, D and Simar, L},
  year={1984},
  publisher={Amsterdam, North (Holland, 243 (267}
}

@article{daraio2005,
  title={Introducing environmental variables in nonparametric frontier models: a probabilistic approach},
  author={Daraio, Cinzia and Simar, L{\'e}opold},
  journal={Journal of productivity analysis},
  volume={24},
  number={1},
  pages={93--121},
  year={2005},
  publisher={Springer}
}

@article{banker1992,
  title={Maximum likelihood estimation of monotone and concave production frontiers},
  author={Banker, Rajiv D and Maindiratta, Ajay},
  journal={Journal of Productivity Analysis},
  volume={3},
  number={4},
  pages={401--415},
  year={1992},
  publisher={Springer}
}

@article{banker1993,
  title={Maximum likelihood, consistency and data envelopment analysis: a statistical foundation},
  author={Banker, Rajiv D},
  journal={Management science},
  volume={39},
  number={10},
  pages={1265--1273},
  year={1993},
  publisher={INFORMS}
}

@article{simar1998,
  title={Sensitivity analysis of efficiency scores: How to bootstrap in nonparametric frontier models},
  author={Simar, Leopold and Wilson, Paul W},
  journal={Management science},
  volume={44},
  number={1},
  pages={49--61},
  year={1998},
  publisher={INFORMS}
}

@article{simar2000a,
  title={A general methodology for bootstrapping in non-parametric frontier models},
  author={Simar, L{\'e}opold and Wilson, Paul W},
  journal={Journal of applied statistics},
  volume={27},
  number={6},
  pages={779--802},
  year={2000},
  publisher={Taylor \& Francis}
}

@article{simar2000b,
  title={Statistical inference in nonparametric frontier models: The state of the art},
  author={Simar, Leopold and Wilson, Paul W},
  journal={Journal of productivity analysis},
  volume={13},
  number={1},
  pages={49--78},
  year={2000},
  publisher={Springer}
}

@article{effron1979,
  title={Bootstrap methods: Another look at the jackknife},
  author={Efron, Brad},
  journal={Annals of statistics},
  volume={7},
  number={1},
  pages={1--26},
  year={1979}
}

@article{kuosmanen2017,
  title={Modeling joint production of multiple outputs in StoNED: Directional distance function approach},
  author={Kuosmanen, Timo and Johnson, Andrew},
  journal={European Journal of Operational Research},
  volume={262},
  number={2},
  pages={792--801},
  year={2017},
  publisher={Elsevier}
}

@article{kuosmanen2010,
  title={Data envelopment analysis as nonparametric least-squares regression},
  author={Kuosmanen, Timo and Johnson, Andrew L},
  journal={Operations Research},
  volume={58},
  number={1},
  pages={149--160},
  year={2010},
  publisher={INFORMS}
}

@article{khezrimotlagh2019,
  title={Data envelopment analysis and big data},
  author={Khezrimotlagh, Dariush and Zhu, Joe and Cook, Wade D and Toloo, Mehdi},
  journal={European Journal of Operational Research},
  volume={274},
  number={3},
  pages={1047--1054},
  year={2019},
  publisher={Elsevier}
}

@article{zhu2019,
  title={DEA under big data: data enabled analytics and network data envelopment analysis},
  author={Zhu, Joe and others},
  journal={Annals of Operations Research},
  pages={1--23},
  year={2019},
  publisher={Springer}
}

@book{charles2020,
  title={Data Science and Productivity Analytics},
  author={Charles, Vincent and Aparicio, Juan and Zhu, Joe},
  year={2020},
  publisher={Springer}
}
 
@book{benchmarking,
  title={Benchmarking with DEA, SFA, and R},
  author={Bogetoft, Peter and Otto, Lars},
  volume={157},
  year={2010},
  publisher={Springer Science \& Business Media}
}

@Manual{nonparaeff,
    title = {nonparaeff: Nonparametric Methods for Measuring Efficiency and Productivity},
    author = {Dong-hyun Oh and Dukrok Suh},
    year = {2013},
    note = {R package version 0.5-8},
    url = {https://CRAN.R-project.org/package=nonparaeff},
}
  
@Article{npbr,
    title = {{npbr}: A Package for Nonparametric Boundary Regression in {R}},
    author = {Abdelaati Daouia and Thibault Laurent and Hohsuk Noh},
    journal = {Journal of Statistical Software},
    year = {2017},
    volume = {79},
    number = {9},
    pages = {1--43},
    doi = {10.18637/jss.v079.i09},
}

@Manual{snfa,
    title = {snfa: Smooth Non-Parametric Frontier Analysis},
    author = {Taylor McKenzie},
    year = {2018},
    note = {R package version 0.0.1},
    url = {https://CRAN.R-project.org/package=snfa},
}

@Manual{semsfa,
    title = {semsfa: Semiparametric Estimation of Stochastic Frontier Models},
    author = {Giancarlo Ferrara and Francesco Vidoli},
    year = {2018},
    note = {R package version 1.1},
    url = {https://CRAN.R-project.org/package=semsfa},
}

@misc{Matlab,
  title = {MATLAB – The Language of Technical Computing},
  author = {{The MathWorks Inc.}},
  year = {2021},
  note = {The MathWorks, Natick, MA, USA},
  url = {http://www.mathworks.com/products/matlab/}
}

@article{alvarez2020,
  title={A data envelopment analysis toolbox for MATLAB},
  author={{\'A}lvarez, Inmaculada and Barbero, Javier and Zofio, Jos{\'e}},
  journal={Journal of Statistical Software (Online)},
  volume={95},
  number={3},
  year={2020}
}

@article{balk2018,
  title={A total factor productivity toolbox for MATLAB},
  author={Balk, Bert M and Barbero, Javier and Zof{\ 'I}o, Jos{\'e} L},
  journal={Available at SSRN 3178911},
  year={2018}
}

@misc{stata,
  title = {Stata Statistical Software: Release 14},
  author = {{StataCorp}},
  year = {2021},
  note = {StataCorp LP, College Station},
  url = {http://www.stata.com/}
}

@article{ji2010,
  title={Data envelopment analysis},
  author={Ji, Yong-bae and Lee, Choonjoo},
  journal={The Stata Journal},
  volume={10},
  number={2},
  pages={267--280},
  year={2010},
  publisher={SAGE Publications Sage CA: Los Angeles, CA}
}

@article{esteve2021,
  title={Estimation of production frontiers through Random Forest: the treatment of lack of robustness, ranking of inputs and curse of dimensionality under Free Disposal Hull. Working Paper},
  author={Esteve, Miriam and Aparicio, Juan and Rodriguez-Sala, Jesus J and Zhu, Joe},
  year={2021},
  type={Working paper}
}

@article{chambers1998,
  title={Profit, directional distance functions, and Nerlovian efficiency},
  author={Chambers, Robert G and Chung, Yangho and F{\"a}re, Rolf},
  journal={Journal of optimization theory and applications},
  volume={98},
  number={2},
  pages={351--364},
  year={1998},
  publisher={Springer}
}

@article{lovell1995,
  title={Units invariant and translation invariant DEA models},
  author={Lovell, CA Knox and Pastor, Jes{\'u}s T},
  journal={Operations research letters},
  volume={18},
  number={3},
  pages={147--151},
  year={1995},
  publisher={Elsevier}
}

@techreport{charnes1985,
  title={Foundations of Data Envelopment Analysis for Pareto-Koopmans Efficient Empirical Productions Functions.},
  author={Charnes, Abraham and Cooper, William W and Golany, Boaz and Seiford, Larry and Stutz, Joel},
  year={1985},
  institution={TEXAS UNIV AT AUSTIN CENTER FOR CYBERNETIC STUDIES}
}

@article{fare1978,
  title={Measuring the technical efficiency of production},
  author={F{\"a}re, Rolf and Lovell, CA Knox},
  journal={Journal of Economic theory},
  volume={19},
  number={1},
  pages={150--162},
  year={1978},
  publisher={Academic Press}
}

@article{breiman2001,
  title={Random forests},
  author={Breiman, Leo},
  journal={Machine learning},
  volume={45},
  number={1},
  pages={5--32},
  year={2001},
  publisher={Springer}
}

@incollection{aparicio2021,
  title={The estimation of productive efficiency through machine learning techniques: Efficiency Analysis Trees},
  author={Aparicio, Juan and Esteve, Miriam and Rodriguez-Sala, Jesus J and Zofio, Jos{\'e}},
  year={2021},
  note = {In press},
  booktitle = {Data-Enabled Analytics: DEA for Big Data},
  editor = {Zhu, Joe and Charles, Vicent},
  publisher   = {Springer}
}

@book{breiman1984,
  title={Classification and regression trees},
  author={Breiman, Leo and Friedman, Jerome and Stone, Charles J and Olshen, Richard A},
  year={1984},
  publisher={CRC press}
}

@book{fare1995,
  title={Multi-output production and duality: theory and applications},
  author={F{\"a}re, Rolf and Primont, Daniel},
  year={1995},
  publisher={Springer Science \& Business Media}
}

@article{pastor2002,
  title={A statistical test for nested radial DEA models},
  author={Pastor, Jes{\'u}s T and Ruiz, Jos{\'E} L and Sirvent, Inmaculada},
  journal={Operations Research},
  volume={50},
  number={4},
  pages={728--735},
  year={2002},
  publisher={INFORMS}
}

@article{banker1996,
  title={Hypothesis tests using data envelopment analysis},
  author={Banker, Rajiv D},
  journal={Journal of productivity analysis},
  volume={7},
  number={2},
  pages={139--159},
  year={1996},
  publisher={Springer}
}

@article{landete2017,
  title={Robust DEA efficiency scores: A probabilistic/combinatorial approach},
  author={Landete, Mercedes and Monge, Juan F and Ruiz, Jos{\'e} L},
  journal={Expert Systems with Applications},
  volume={86},
  pages={145--154},
  year={2017},
  publisher={Elsevier}
}

@book{berk2016,
  title={Statistical learning from a regression perspective},
  author={Berk, Richard A},
  volume={14},
  year={2016},
  publisher={Springer}
}

@book{kuhn2013,
  title={Applied predictive modeling},
  author={Kuhn, Max and Johnson, Kjell and others},
  volume={26},
  year={2013},
  publisher={Springer}
}

@article{golany1989,
  title={An application procedure for DEA},
  author={Golany, Boaz and Roll, Yaakov},
  journal={Omega},
  volume={17},
  number={3},
  pages={237--250},
  year={1989},
  publisher={Elsevier}
}

@article{homburg2001,
  title={Using data envelopment analysis to benchmark activities},
  author={Homburg, Carsten},
  journal={International journal of production economics},
  volume={73},
  number={1},
  pages={51--58},
  year={2001},
  publisher={Elsevier}
}

@article{nunamaker1985,
  title={Using data envelopment analysis to measure the efficiency of non-profit organizations: A critical evaluation},
  author={Nunamaker, Thomas R},
  journal={Managerial and decision Economics},
  volume={6},
  number={1},
  pages={50--58},
  year={1985},
  publisher={Wiley Online Library}
}

@article{banker1989,
  title={Constrained game formulations and interpretations for data envelopment analysis},
  author={Banker, Rajiv D and Charnes, Abraham and Cooper, William W and Clarke, Roger},
  journal={European Journal of Operational Research},
  volume={40},
  number={3},
  pages={299--308},
  year={1989},
  publisher={Elsevier}
}

@article{friedman1998,
  title={Combining ranking scales and selecting variables in the DEA context: The case of industrial branches},
  author={Friedman, Leo and Sinuany Stern, Zilla},
  journal={Computers \& Operations Research},
  volume={25},
  number={9},
  pages={781--791},
  year={1998},
  publisher={Elsevier}
}

@article{raab2002,
  title={Identifying subareas that comprise a greater metropolitan area: The criterion of county relative efficiency},
  author={Raab, Raymond L and Lichty, Richard W},
  journal={Journal of Regional Science},
  volume={42},
  number={3},
  pages={579--594},
  year={2002},
  publisher={Wiley Online Library}
}

@article{dyson2001,
  title={Pitfalls and protocols in DEA},
  author={Dyson, Robert G and Allen, Rachel and Camanho, Ana S and Podinovski, Victor V and Sarrico, Claudia S and Shale, Estelle A},
  journal={European Journal of operational research},
  volume={132},
  number={2},
  pages={245--259},
  year={2001},
  publisher={Elsevier}
}

@article{cooper2007,
  title={Some models and measures for evaluating performances with DEA: past accomplishments and future prospects},
  author={Cooper, WW and Seiford, LM and Tone, K and Zhu, J},
  journal={Journal of Productivity Analysis},
  volume={28},
  number={3},
  pages={151--163},
  year={2007},
  publisher={Springer}
}

@misc{oecd2018,
  title={Assessment and Analytical Framework, PISA},
  author={OECD, PISA},
  year={2018},
  publisher={OECD Publishing. Paris., PISA (OECD, 2019)}
}

@misc{SocialProgressIndex,
  title = {Social Progress Index 2018},
  author = {{Social Progress Index}},
  year = {2018},
  howpublished = {\url{https://www.socialprogress.org/}}
}

@article{cooper1999,
  title={RAM: a range adjusted measure of inefficiency for use with additive models, and relations to other models and measures in DEA},
  author={Cooper, William W and Park, Kyung Sam and Pastor, Jesus T},
  journal={Journal of Productivity analysis},
  volume={11},
  number={1},
  pages={5--42},
  year={1999},
  publisher={Springer}
}

@article{perelman2009,
  title={How to generate regularly behaved production data? A Monte Carlo experimentation on DEA scale efficiency measurement},
  author={Perelman, Sergio and Sant{\'\i}n, Daniel},
  journal={European Journal of Operational Research},
  volume={199},
  number={1},
  pages={303--310},
  year={2009},
  publisher={Elsevier}
}
