% put bibtex entries here!
@article{Dobson2000,
    author = {Dobson, J E and Bright, E A and Durfee, R G and Worley, B A},
    title = {LandScan: A Global Population Database for Estimating Population at Risk},
    journal = {Photogrammetric Engineering and Remote Sensing},
    number = {7},
    volume = {66},
    pages = {849-857},
    year = {2000}
}

@article{Ahola2007,
    author = {Ahola, Terhi and Virrantaus, Kirsi and Krisp, Jukka Matthias and Hunter, Gary J.},
    title = {A Spatio-Temporal Population Model to Support Risk Assessment and Damage Analysis for Decision-Making},
    journal = {International Journal of Geographical Information Science},
    number = {8},
    volume = {21},
    pages = {935-953},
    year = {2007},
    url = {https://doi.org/10.1080/13658810701349078}
}

@article{Freire2012,
    author = {Freire, S. and Aubrecht, C.},
    title = {Integrating Population Dynamics into Mapping Human Exposure to Seismic Hazard},
    journal = {Natural Hazards and Earth System Science},
    number = {11},
    volume = {12},
    pages = {3533-3543},
    year = {2012},
    url = {https://doi.org/10.5194/nhess-12-3533-2012}
}

@article{Bian2015,
    author = {Bian, Ruijie and Wilmot, Chester G.},
    title = {Spatiotemporal Population Distribution Method for Emergency Evacuation},
    journal = {Transportation Research Record: Journal of the Transportation Research Board},
    number = {1},
    volume = {2532},
    pages = {99-106},
    year = {2015},
    url = {https://doi.org/10.3141/2532-12},
}

@article{Calka2017,
    author = {Calka, Beata and {Nowak Da Costa}, Joanna and Bielecka, Elzbieta},
    title = {Fine Scale Population Density Data and its Application in Risk Assessment},
    journal = {Geomatics, Natural Hazards and Risk},
    number = {2},
    volume = {8},
    pages = {1440-1455},
    year = {2017},
    url = {https://doi.org/10.1080/19475705.2017.1345792},
}

@article{Batsaris2019,
    author = {Batsaris, Marios and Kavroudakis, Dimitris and Soulakellis, Nikolaos A. and Kontos, Themistoklis},
    title = {Location-Allocation Modeling for Emergency Evacuation Planning in a Smart City Context},
    journal = {International Journal of Applied Geospatial Research},
    number = {4},
    volume = {10},
    pages = {28-43},
    year = {2019},
    url = {https://doi.org/10.4018/ijagr.2019100103}
}

@article{Bahadori2021,
    author = {Bahadori, Mohammad Sadegh and Gon{\c{c}}alves, Alexandre B. and Moura, Filipe},
    title = {A Systematic Review of Station Location Techniques for Bicycle-Sharing Systems Planning and Operation},
    journal = {ISPRS International Journal of Geo-Information},
    number = {8},
    volume = {10},
    pages = {554},
    year = {2021},
    url = {https://doi.org/10.3390/ijgi10080554}
}

@article{Wang2021,
    author = {Wang, Wenda and Xu, Zhibang and Sun, Dongqi and Lan, Ting},
    title = {Spatial Optimization of Mega-City Fire Stations Based on Multi-Source Geospatial Data: A Case Study in Beijing},
    journal = {ISPRS International Journal of Geo-Information},
    number = {5},
    volume = {10},
    pages = {282},
    year = {2021},
    url = {https://doi.org/10.3390/ijgi10050282}
}

@article{Han2020,
    author = {Han, Bing and Hu, Mingxing and Wang, Jialing},
    title = {Site Selection for Pre-Hospital Emergency Stations Based on the Actual Spatiotemporal Demand: A Case Study of Nanjing City, China},
    journal = {ISPRS International Journal of Geo-Information},
    number = {10},
    volume = {9},
    pages = {542},
    year = {2020},
    url = {https://doi.org/10.3390/ijgi9100559},
}

@article{Tenerelli2015,
    author = {Tenerelli, Patrizia and Gallego, Javier F. and Ehrlich, Daniele},
    title = {Population Density Modelling in Support of Disaster Risk Assessment},
    journal = {International Journal of Disaster Risk Reduction},
    volume = {13},
    pages = {334-341},
    year = {2015},
    url = {https://doi.org/10.1016/j.ijdrr.2015.07.015}
}

@article{Liu2008,
    author = {Liu, X. H. and Kyriakidis, P. C. and Goodchild, M. F.},
    title = {Population-Density Estimation Using Regression and Area-to-Point Residual Kriging},
    journal = {International Journal of Geographical Information Science},
    number = {4},
    volume = {22},
    pages = {431-447},
    year = {2008},
    url = {https://doi.org/10.1080/13658810701492225}
}

@misc{EU2009,
    author = {European Union, EU},
    title = {European Parliament and Council Regulation (EC) No 763/2008 on population and housing censuses},
    url = {https://ec.europa.eu/eurostat/web/population-demography/population-housing-censuses/legislation},
    urldate = {2021-09-08},
    year = {2009}
}

@article{Wu2005,
    author = {Wu, Shuo-Sheng and Qiu, Xiaomin and Wang, Le},
    title = {Population Estimation Methods in GIS and Remote Sensing: A Review},
    journal = {GIScience and Remote Sensing},
    number = {1},
    volume = {42},
    pages = {80-96},
    year = {2005},
    url = {https://doi.org/10.2747/1548-1603.42.1.80}
}

@article{Comber2019,
    author = {Comber, Alexis and Zeng, Wen},
    title = {Spatial Interpolation Using Areal Features: A Review of Methods and Opportunities Using New Forms of Data with Coded Illustrations},
    journal = {Geography Compass},
    number = {10},
    volume = {13},
    pages = {1-23},
    year = {2019},
    url = {https://doi.org/10.1111/gec3.12465}
}

@article{Kim2010,
    author = {Kim, Hwahwan and Yao, Xiaobai},
    title = {Pycnophylactic Interpolation Revisited: Integration with the Dasymetric-Mapping method},
    journal = {International Journal of Remote Sensing},
    number = {21},
    volume = {31},
    pages = {5657-5671},
    year = {2010},
    url = {https://doi.org/10.1080/01431161.2010.496805}
}

@article{Goodchild1980,
    author = {Goodchild, Michael F. and Lam, Siu-Ngan Nina},
    title = {Areal Interpolation: a Variant of the Traditional Spatial Problem},
    journal = {Geo-processing},
    number = {3},
    volume = {1},
    pages = {297-312},
    year = {1980}
}

@article{Fisher1995,
    author = {Fisher, F. Peter and Langford, Mitchel},
    title = {Modelling the Errors in Areal Interpolation Between Zonal Systems by Monte Carlo Simulation},
    journal = {Environment and Planning A},
    number = {},
    volume = {27},
    pages = {211-224},
    year = {1995},
    url = {https://doi.org/10.1068/a270211}
}

@article{Lam1983,
    author = {Lam, Nina Siu-Ngan},
    title = {Spatial Interpolation Methods: A Review},
    journal = {The American Cartographer},
    number = {2},
    volume = {10},
    pages = {129-150},
    year  = {1983},
    url = {https://doi.org/10.1559/152304083783914958}
}

@article{Qiu2012,
    author = {Qiu, Fang and Zhang, Caiyun and Zhou, Yuhong},
    title = {The Development of an Areal Interpolation ArcGIS Extension and a Comparative Study},
    journal = {GIScience and Remote Sensing},
    number = {5},
    volume = {49},
    pages = {644-663},
    year = {2012},
    url = {https://doi.org/10.2747/1548-1603.49.5.644}
}

@article{Langford2007,
    author = {Langford, Mitchel},
    title = {Rapid Facilitation of Dasymetric-Based Population Interpolation by Means of Raster Pixel Maps},
    journal = {Computers, Environment and Urban Systems},
    number = {1},
    volume = {31},
    pages = {19-32},
    year = {2007},
    url = {https://doi.org/10.1016/j.compenvurbsys.2005.07.005}
}

@article{Mennis2009,
    author = {Mennis, Jeremy},
    title = {Dasymetric Mapping for Estimating Population in Small Areas},
    journal = {Geography Compass},
    number = {2},
    volume = {3},
    pages = {727-745},
    year = {2009},
    url = {https://doi.org/10.1111/j.1749-8198.2009.00220.x}
}

@article{Pebesma2018,
    author = {Pebesma, Edzer},
    title = {Simple Features for {R}: Standardized Support for Spatial Vector Data},
    journal = {R Journal},
    number = {1},
    volume = {10},
    pages = {439-446},
    year = {2018},
    url = {https://doi.org/10.32614/rj-2018-009}
}

@article{Prener2019,
    author = {Prener, Christopher and Revord, Charles},
    title = {{areal}: An {R} Package for Areal Weighted Interpolation},
    journal = {Journal of Open Source Software},
    number = {37},
    volume = {4},
    pages = {1221},
    year = {2019},
    url = {https://doi.org/10.21105/joss.01221}
}

@Manual{populr,
  title = {{populR}: Population Downscaling},
  author = {Marios Batsaris},
  year = {2022},
  note = {R package version 0.1.6},
  url = {https://CRAN.R-project.org/package=populR},
}

@article{Goodchild1980,
    author = {Goodchild, Michael F. and Lam, Siu-Ngan Nina},
    title = {Areal Interpolation: a Variant of the Traditional Spatial Problem},
    journal = {Geo-processing},
    number = {3},
    volume = {1},
    pages = {297-312},
    year = {1980}
}

@techreport{HSA2014,
    author = {Hellenic Statistical Authority, HSA},
    institution = {Hellenic Statistical Authority},
    title = {2011 Population and Housing Census of Greece},
    year = {2014}
}

@article{Bakillah2014,
    author = {Bakillah, Mohamed and Liang, Steve and Mobasheri, Amin and Jokar Arsanjani, Jamal and Zipf, Alexander},
    title = {Fine-Resolution Population Mapping Using OpenStreetMap Points-Of-Interest},
    journal = {International Journal of Geographical Information Science},
    number = {9},
    volume = {28},
    pages = {1940-1963},
    year = {2014},
    url = {https://doi.org/10.1080/13658816.2014.909045}
}

@article{Guo2017,
    author = {Guo, Hui and Cao, Kai and Wang, Peng},
    title = {Population Estimation in Singapore Based on Remote Sensing and Open Data},
    journal = {International Archives of the Photogrammetry, Remote Sensing and Spatial Information Sciences - ISPRS Archives},
    volume = {42},
    pages = {1181-1187},
    year = {2017},
    url = {https://doi.org/10.5194/isprs-archives-XLII-2-W7-1181-2017}
}

@article{Yang2019,
    author = {Yang, Xuchao and Ye, Tingting and Zhao, Naizhuo and Chen, Qian and Yue, Wenze and Qi, Jiaguo and Zeng, Biao and Jia, Peng},
    title = {Population Mapping with Multisensor Remote Sensing Images and Point-Of-Interest Data},
    journal = {Remote Sensing},
    number = {5},
    volume = {11},
    pages = {574},
    year = {2019},
    url = {https://doi.org/10.3390/rs11050574}
}