%% This BibTeX bibliography file was created using BibDesk.
%% http://bibdesk.sourceforge.net/

%% Created for Emmanuel at 2021-03-12 16:36:53 +0100 


%% Saved with string encoding Unicode (UTF-8) 



@article{caron2019linear,
	Author = {Caron, Emmanuel and Dedecker, J{\'e}r{\^o}me and Michel, Bertrand},
	Date-Modified = {2019-10-31 18:23:09 +0100},
	Journal = {arXiv preprint arXiv:1906.06583},
	Title = {Linear regression with stationary errors: the \textsc{R} package slm},
	Year = {2019}}

@article{andrews1992improved,
	Author = {Andrews, Donald WK and Monahan, J Christopher},
	Date-Added = {2019-08-29 20:18:56 +0200},
	Date-Modified = {2019-08-29 20:18:56 +0200},
	Journal = {Econometrica: Journal of the Econometric Society},
	Pages = {953--966},
	Publisher = {JSTOR},
	Title = {An improved heteroskedasticity and autocorrelation consistent covariance matrix estimator},
	Year = {1992}}

@article{dedecker2015optimality,
	Author = {Dedecker, Jerome},
	Date-Added = {2019-08-29 20:18:12 +0200},
	Date-Modified = {2021-03-10 14:20:57 +0100},
	Journal = {Comptes Rendus Mathematique},
	Number = {6},
	Pages = {557--561},
	Publisher = {Elsevier},
	Title = {On the optimality of {{M}cLeish}'s conditions for the central limit theorem},
	Volume = {353},
	Year = {2015}}

@article{zeileis2004econometric,
	Author = {Zeileis, Achim},
	Date-Added = {2019-08-26 16:10:07 +0200},
	Date-Modified = {2021-03-12 16:36:50 +0100},
	Journal = {Journal of Statistical Software},
	Number = {12},
	Publisher = {Institut f{\"u}r Statistik und Mathematik, WU Vienna University of Economics and~{\ldots}},
	Title = {Econometric computing with HC and HAC covariance matrix estimators},
	Volume = {11},
	Year = {2004}}

@article{newey1986simple,
	Author = {Newey, Whitney K and West, Kenneth D},
	Date-Added = {2019-08-26 14:37:20 +0200},
	Date-Modified = {2019-08-26 14:44:16 +0200},
	Journal = {Econometrica},
	Pages = {703-708},
	Title = {A Simple, Positive-Definite, Heteroskedasticity and Autocorrelation Consistent Covariance Matrix.},
	Volume = {55},
	Year = {1987}}

@article{newey1994automatic,
	Author = {Newey, Whitney K and West, Kenneth D},
	Date-Added = {2019-08-26 14:32:00 +0200},
	Date-Modified = {2019-08-26 14:32:00 +0200},
	Journal = {The Review of Economic Studies},
	Number = {4},
	Pages = {631--653},
	Publisher = {Wiley-Blackwell},
	Title = {Automatic lag selection in covariance matrix estimation},
	Volume = {61},
	Year = {1994}}

@article{andrews1991heteroskedasticity,
	Author = {Andrews, D},
	Date-Added = {2019-08-26 14:31:38 +0200},
	Date-Modified = {2019-08-26 14:31:38 +0200},
	Journal = {Econometrica},
	Number = {3},
	Pages = {817--858},
	Title = {Heteroskedasticity and autocorrelation consistent covariant matrix estimation},
	Volume = {59},
	Year = {1991}}

@article{caron2019,
	Author = {Emmanuel Caron},
	Date-Added = {2019-06-13 17:57:10 +0200},
	Date-Modified = {2019-09-30 11:38:50 +0000},
	Eprint = {https://doi.org/10.1080/02331888.2019.1593987},
	Journal = {Statistics},
	Number = {4},
	Pages = {885-902},
	Publisher = {Taylor & Francis},
	Title = {Asymptotic distribution of least square estimators for linear models with dependent errors},
	Volume = {53},
	Year = {2019},
	Bdsk-Url-1 = {https://doi.org/10.1080/02331888.2019.1593987}}

@book{massart2007concentration,
	Author = {Massart, Pascal},
	Date-Added = {2019-05-15 17:26:19 +0200},
	Date-Modified = {2019-05-22 13:34:40 +0200},
	Publisher = {Springer-Verlag Berlin Heidelberg},
	Series = {Lecture Notes in Mathematics},
	Title = {Concentration inequalities and model selection},
	Volume = {1896},
	Year = {2007}}

@article{rosenblatt1956central,
	Author = {Rosenblatt, Murray},
	Date-Added = {2019-05-07 12:51:56 +0200},
	Date-Modified = {2019-05-07 12:51:56 +0200},
	Journal = {Proceedings of the National Academy of Sciences},
	Number = {1},
	Pages = {43--47},
	Publisher = {National Acad Sciences},
	Title = {A central limit theorem and a strong mixing condition},
	Volume = {42},
	Year = {1956}}

@article{liang2016pm2,
	Author = {Liang, Xuan and Li, Shuo and Zhang, Shuyi and Huang, Hui and Chen, Song Xi},
	Date-Added = {2019-05-01 19:31:39 +0200},
	Date-Modified = {2019-05-29 13:10:41 +0200},
	Journal = {Journal of Geophysical Research: Atmospheres},
	Number = {17},
	Pages = {10--220},
	Publisher = {Wiley Online Library},
	Title = {PM2.5 data reliability, consistency, and air quality assessment in five Chinese cities},
	Volume = {121},
	Year = {2016}}

@incollection{bradley1985basic,
	Author = {Bradley, Richard C.},
	Booktitle = {Dependence in probability and statistics ({O}berwolfach, 1985)},
	Date-Added = {2019-04-18 13:08:39 +0200},
	Date-Modified = {2019-04-18 13:08:39 +0200},
	Pages = {165--192},
	Publisher = {Birkh\"auser Boston, Boston, MA},
	Series = {Progr. Probab. Statist.},
	Title = {Basic properties of strong mixing conditions},
	Volume = {11},
	Year = {1986}}

@article{xiao2012covariance,
	Author = {Xiao, Han and Wu, Wei Biao},
	Date-Added = {2019-04-17 18:33:11 +0200},
	Date-Modified = {2019-05-15 17:28:34 +0200},
	Journal = {The Annals of Statistics},
	Number = {1},
	Pages = {466--493},
	Publisher = {Institute of Mathematical Statistics},
	Title = {Covariance matrix estimation for stationary time series},
	Volume = {40},
	Year = {2012}}

@article{caron2018,
	Author = {Caron, Emmanuel and Dede, Sophie},
	Date-Added = {2019-04-16 15:05:07 +0200},
	Date-Modified = {2019-04-16 15:05:07 +0200},
	Journal = {Mathematical Methods of Statistics},
	Number = {4},
	Pages = {268--293},
	Publisher = {Springer},
	Title = {Asymptotic Distribution of Least Squares Estimators for Linear Models with Dependent Errors: Regular Designs},
	Volume = {27},
	Year = {2018}}

@article{liverani1999probabilistic,
	Author = {Liverani, Carlangelo and Saussol, Beno{\^\i}t and Vaienti, Sandro},
	Journal = {Ergodic theory and dynamical systems},
	Number = {3},
	Pages = {671--685},
	Publisher = {Cambridge University Press},
	Title = {A probabilistic approach to intermittency},
	Volume = {19},
	Year = {1999}}

@article{levina2012partial,
	Author = {Levina, Elizaveta and Vershynin, Roman},
	Journal = {Probability theory and related fields},
	Number = {3-4},
	Pages = {405--419},
	Publisher = {Springer},
	Title = {Partial estimation of covariance matrices},
	Volume = {153},
	Year = {2012}}

@article{chen2012masked,
	Author = {Chen, Richard Y and Gittens, Alex and Tropp, Joel A},
	Journal = {Information and Inference: A Journal of the IMA},
	Number = {1},
	Pages = {2--20},
	Publisher = {OUP},
	Title = {The masked sample covariance estimator: an analysis using matrix concentration inequalities},
	Volume = {1},
	Year = {2012}}

@book{brockwell1991time,
	Author = {Brockwell, Peter J and Davis, Richard A},
	Date-Modified = {2019-05-29 13:05:53 +0200},
	Publisher = {Springer Science \& Business Media},
	Title = {Time Series: Theory and Methods},
	Year = {1991}}

@article{wu2009banding,
	Author = {Wu, Wei Biao and Pourahmadi, Mohsen},
	Journal = {Statistica Sinica},
	Pages = {1755--1768},
	Publisher = {JSTOR},
	Title = {Banding sample autocovariance matrices of stationary processes},
	Year = {2009}}

@article{efromovich1998data,
	Author = {Efromovich, Sam},
	Date-Added = {2018-12-17 16:36:56 +0000},
	Date-Modified = {2018-12-17 16:36:56 +0000},
	Journal = {Journal of the American Statistical Association},
	Number = {442},
	Pages = {762--769},
	Publisher = {Taylor \& Francis Group},
	Title = {Data-driven efficient estimation of the spectral density},
	Volume = {93},
	Year = {1998}}

@article{comte2001adaptive,
	Author = {Comte, Fabienne},
	Date-Added = {2018-12-11 16:03:23 +0000},
	Date-Modified = {2019-01-22 15:08:58 +0000},
	Journal = {Bernoulli},
	Number = {2},
	Pages = {267--298},
	Publisher = {Bernoulli Society for Mathematical Statistics and Probability},
	Title = {Adaptive estimation of the spectrum of a stationary Gaussian sequence},
	Volume = {7},
	Year = {2001}}

@article{hannan1973central,
	Author = {Hannan, Edward J},
	Date-Added = {2018-12-11 13:38:04 +0000},
	Date-Modified = {2018-12-11 13:38:04 +0000},
	Journal = {Zeitschrift f{\"u}r Wahrscheinlichkeitstheorie und verwandte Gebiete},
	Number = {2},
	Pages = {157--170},
	Publisher = {Springer},
	Title = {Central limit theorems for time series regression},
	Volume = {26},
	Year = {1973}}

@article{baudry2012slope,
	Author = {Baudry, Jean-Patrick and Maugis, Cathy and Michel, Bertrand},
	Journal = {Statistics and Computing},
	Number = {2},
	Pages = {455--470},
	Publisher = {Springer},
	Title = {Slope heuristics: overview and implementation},
	Volume = {22},
	Year = {2012}}

@article{birge2007minimal,
	Author = {Birg{\'e}, Lucien and Massart, Pascal},
	Journal = {Probability theory and related fields},
	Number = {1-2},
	Pages = {33--73},
	Publisher = {Springer},
	Title = {Minimal penalties for Gaussian model selection},
	Volume = {138},
	Year = {2007}}
