%% This BibTeX bibliography file was created using BibDesk.
%% http://bibdesk.sourceforge.net/

%% Created for Italia De Feis at 2020-09-24 14:14:20 +0200 


%% Saved with string encoding Unicode (UTF-8) 



@book{Rasmussen:2006,
	Author = {C. E. Rasmussen and C. K. I. Williams},
	Date-Added = {2020-09-24 14:11:30 +0200},
	Date-Modified = {2020-09-24 14:14:19 +0200},
	Publisher = {The MIT Press},
	Title = {Gaussian Process for Machine Learning},
	Year = {2006}}

@article{He_et_al:2020,
	Author = {Z. He and H. Liang and Z. Chen and C. Zhao and Y. Liu},
	Date-Added = {2020-09-17 17:51:36 +0200},
	Date-Modified = {2020-09-17 18:07:07 +0200},
	Journal = {IEEE Transactions on Knowledge and Data Engineering,},
	Title = {Detecting Statistically Significant Communities},
	Year = {2020}}

@article{Kojaku_Masuda:2018,
	Author = {S. Kojaku and N. Masuda},
	Date-Added = {2020-09-17 17:49:17 +0200},
	Date-Modified = {2020-09-17 17:50:57 +0200},
	Journal = {Scientific Reports},
	Pages = {7351},
	Title = {A generalised significance test for individual communities in networks},
	Volume = {8},
	Year = {2018}}

@article{Bender_Canfield:1978,
	Author = {E. A. Bender and E. R. Canfield},
	Date-Added = {2020-09-17 17:47:39 +0200},
	Date-Modified = {2020-09-17 17:49:12 +0200},
	Journal = {Journal of Combinatorial Theory A},
	Pages = {296-307},
	Title = {The asymptotic number of labeled graphs with given degree sequences},
	Volume = {24},
	Year = {1978}}

@article{Wilson_et_al:2014,
	Author = {J.D. Wilson and S. Wang and P.J. Mucha and S. Bhamidi and A.B. Nobel},
	Date-Added = {2020-09-17 17:45:29 +0200},
	Date-Modified = {2020-09-17 18:06:37 +0200},
	Journal = {The Annals of Applied Statistics},
	Number = {3},
	Pages = {1853-1891},
	Title = {A testing based extraction algorithm for identifying significant communities in networks},
	Volume = {8},
	Year = {2014}}
	
@article{Blondel:2008,
	Author = {Vincent D Blondel and Jean-Loup Guillaume and Renaud Lambiotte and Etienne Lefebvre},
	Doi = {10.1088/1742-5468/2008/10/p10008},
	Journal = {Journal of Statistical Mechanics: Theory and Experiment},
	Pages = {P10008},
	Title = {Fast unfolding of communities in large networks},
	Volume = {2008},
	number = {10},
	Year = {2008}}

@article{Lancichinetti_et_al:2010,
	Author = {A. Lancichinetti and F. Radicchi and J. J. Ramasco},
	Date-Added = {2020-09-17 17:41:22 +0200},
	Date-Modified = {2020-09-17 18:11:38 +0200},
	Journal = {Phys. Rev. E},
	Pages = {046110},
	Title = {Statistical significance of communities in networks},
	Volume = {81},
	Year = {2010}}

@article{Lancichinetti_et_al:2011,
	Author = {A. Lancichinetti and F. Radicchi and J. J. Ramasco and S. Fortunato S},
	Date-Added = {2020-09-17 17:38:59 +0200},
	Date-Modified = {2020-09-17 18:11:47 +0200},
	Journal = {PloS One},
	Number = {4},
	Pages = {e18961},
	Title = {Finding Statistically Significant Communities in Networks},
	Volume = {6},
	Year = {2011}}

@manual{Wickham:2019,
	Author = {Hadley Wickham},
	Date-Added = {2020-01-17 11:30:49 +0100},
	Date-Modified = {2020-01-17 11:42:26 +0100},
	Note = {R package version 3.2.1},
	Rating = {0},
	Read = {1},
	Title = {\pkg{ggplot2}: Create Elegant Data Visualisations Using the Grammar of Graphics},
	Url = {https://CRAN.R-project.org/package=ggplo2},
	Year = {2019},
	Bdsk-Url-1 = {https://CRAN.R-project.org/package=ggplo2}}

@manual{Csardi:2019,
	Author = {G. Csardi and T. Nepusz},
	Date-Added = {2020-01-17 11:30:49 +0100},
	Date-Modified = {2020-01-17 11:42:26 +0100},
	Note = {R package version 1.2.4.2},
	Rating = {0},
	Read = {1},
	Title = {\pkg{igraph}: Network Analysis and Visualization},
	Url = {https://CRAN.R-project.org/package=igraph},
	Year = {2019},
	Bdsk-Url-1 = {https://CRAN.R-project.org/package=igraph}}

@manual{Auguie2017,
	Author = {Baptiste Auguie},
	Date-Added = {2020-01-17 11:30:49 +0100},
	Date-Modified = {2020-01-17 11:42:26 +0100},
	Note = {R package version 2.3},
	Rating = {0},
	Read = {1},
	Title = {\pkg{gridExtra}: Miscellaneous Functions for "Grid" Graphics},
	Url = {https://CRAN.R-project.org/package=gridExtra},
	Year = {2017},
	Bdsk-Url-1 = {https://CRAN.R-project.org/package=gridExtra}}

@manual{PiniVantini:2015,
	Author = {Alessia Pini and Simone Vantini},
	Date-Added = {2020-01-17 11:30:49 +0100},
	Date-Modified = {2020-01-17 11:42:26 +0100},
	Note = {R package version 2.1},
	Rating = {0},
	Read = {1},
	Title = {\pkg{fdatest}: Interval Testing Procedure for Functional Data},
	Url = {https://CRAN.R-project.org/package=fdatest},
	Year = {2015},
	Bdsk-Url-1 = {https://CRAN.R-project.org/package=fdatest}}

@manual{KalaitzisLawrence2011,
	Author = {A. A. Kalaitzis and N. D. Lawrence},
	Date-Added = {2020-01-17 11:30:49 +0100},
	Date-Modified = {2020-01-17 11:42:26 +0100},
	Note = {R package version 1.30.0; Bioconductor version 3.10},
	Rating = {0},
	Read = {1},
	Title = {\pkg{gprege}: Gaussian Process Ranking and Estimation of Gene Expression time-series},
	Url = {https://www.bioconductor.org/packages/release/bioc/html/gprege.html},
	Year = {2011},
	Bdsk-Url-1 = {https://www.bioconductor.org/packages/release/bioc/html/gprege.html}}

@manual{Signorell2019,
	Author = {Andri Signorell and mult. al.},
	Date-Added = {2020-01-17 11:30:49 +0100},
	Date-Modified = {2020-01-17 11:42:26 +0100},
	Note = {R package version 0.99.31},
	Rating = {0},
	Read = {1},
	Title = {\pkg{DescTools}: Tools for Descriptive Statistics},
	Url = {https://CRAN.R-project.org/package=DescTools},
	Year = {2019},
	Bdsk-Url-1 = {https://CRAN.R-project.org/package=DescTools}}

@manual{Allaire:2017,
	Author = {C. Gandrud and J. J. Allaire and K. Russell and C. J. Yetman},
	Date-Modified = {2020-09-17 17:56:53 +0200},
	Note = {R package version 0.4},
	Title = {\pkg{networkD3}: D3 JavaScript Network Graphs from R},
	Url = {https://CRAN.R-project.org/package=networkD3},
	Year = {2017},
	Bdsk-Url-1 = {https://CRAN.R-project.org/package=networkD3}}

@article{Carissimo_et_al:2018,
	Author = {A. Carissimo and L. Cutillo and I. {De Feis}},
	Date-Modified = {2020-01-17 12:51:08 +0100},
	Doi = {10.1016/j.csda.2017.10.006},
	Journal = {Computational Statistics and Data Analysis},
	Pages = {1-24},
	Title = {Validation of community robustness},
	Volume = {120},
	Year = {2018},
	Bdsk-Url-1 = {https://doi.org/10.1016/j.csda.2017.10.006}}

@article{Yang_et_al:2016,
	Author = {Z. Yang and R. Algesheimer and C. J. Tessone},
	Doi = {10.1038/srep30750},
	Journal = {Scientific Reports},
	Number = {30750},
	Title = {A comparative analysis of community detection algorithms on artificial networks},
	Volume = {6},
	Year = {2016},
	Bdsk-Url-1 = {https://doi.org/10.1038/srep30750}}

@article{GirvanNewman:2002,
	Author = {M. Girvan and M. E. J. Newman},
	Doi = {10.1073/pnas.122653799},
	Journal = {Proceedings of the National Academy of Sciences of the United States of America},
	Number = {12},
	Pages = {7821-7826},
	Title = {Community structure in social and biological networks},
	Volume = {99},
	Year = {2002},
	Bdsk-Url-1 = {https://doi.org/10.1073/pnas.122653799}}

@article{Newman:2004,
	Author = {Newman, M. E. J. and Girvan, M.},
	Doi = {10.1103/PhysRevE.69.026113},
	Journal = {Phys. Rev. E},
	Number = {2},
	Pages = {026113},
	Title = {Finding and evaluating community structure in networks},
	Volume = {69},
	Year = {2004},
	Bdsk-Url-1 = {https://link.aps.org/doi/10.1103/PhysRevE.69.026113},
	Bdsk-Url-2 = {https://doi.org/10.1103/PhysRevE.69.026113}}

@article{Clauset:2005,
	Author = {Clauset, Aaron and Newman, M and Moore, Cristopher},
	Doi = {10.1103/PhysRevE.70.066111},
	Journal = {Physical review. E, Statistical, nonlinear, and soft matter physics},
	Pages = {066111},
	Title = {Finding community structure in very large networks},
	Volume = {70},
	Year = {2005},
	Bdsk-Url-1 = {https://doi.org/10.1103/PhysRevE.70.066111}}

@article{Lancichinetti_2008,
   title={Benchmark graphs for testing community detection algorithms},
   volume={78},
   ISSN={1550-2376},
   url={http://dx.doi.org/10.1103/PhysRevE.78.046110},
   DOI={10.1103/physreve.78.046110},
   number={4},
   journal={Physical Review E},
   publisher={American Physical Society (APS)},
   author={Lancichinetti, Andrea and Fortunato, Santo and Radicchi, Filippo},
   year={2008},
   month={Oct}
}

@article{Rosvall:2008,
	Author = {Rosvall, Martin and Bergstrom, Carl T.},
	Doi = {10.1073/pnas.0706851105},
	Journal = {Proceedings of the National Academy of Sciences},
	Number = {4},
	Pages = {1118--1123},
	Title = {Maps of random walks on complex networks reveal community structure},
	Volume = {105},
	Year = {2008},
	Bdsk-Url-1 = {https://www.pnas.org/content/105/4/1118},
	Bdsk-Url-2 = {https://doi.org/10.1073/pnas.0706851105}}

@article{Newman:2006,
	Author = {Newman, M. E. J.},
	Doi = {10.1103/PhysRevE.74.036104},
	Journal = {Phys. Rev. E},
	Number = {3},
	Pages = {036104},
	Title = {Finding community structure in networks using the eigenvectors of matrices},
	Volume = {74},
	Year = {2006},
	Bdsk-Url-1 = {https://link.aps.org/doi/10.1103/PhysRevE.74.036104},
	Bdsk-Url-2 = {https://doi.org/10.1103/PhysRevE.74.036104}}


@article{Raghavan:2007,
	Author = {U. N. Raghavan and  R. Albert and S. Kumara},
	Date-Modified = {2020-09-17 18:03:02 +0200},
	Doi = {10.1103/PhysRevE.76.036106},
	Journal = {Phys. Rev. E},
	Pages = {036106},
	Title = {Near linear time algorithm to detect community structures in large-scale networks},
	Volume = {76},
	Year = {2007},
	Bdsk-Url-1 = {https://link.aps.org/doi/10.1103/PhysRevE.76.036106},
	Bdsk-Url-2 = {https://doi.org/10.1103/PhysRevE.76.036106}}

@article{Reichard:2006,
	Author = {Reichardt, J\"org and Bornholdt, Stefan},
	Doi = {10.1103/PhysRevE.74.016110},
	Journal = {Phys. Rev. E},
	Pages = {016110},
	Title = {Statistical mechanics of community detection},
	Volume = {74},
	Year = {2006},
	Bdsk-Url-1 = {https://link.aps.org/doi/10.1103/PhysRevE.74.016110},
	Bdsk-Url-2 = {https://doi.org/10.1103/PhysRevE.74.016110}}

@inproceedings{Pons:2005,
	Author = {Pons, Pascal and Latapy, Matthieu},
	Booktitle = {Computer and Information Sciences - ISCIS 2005},
	Pages = {284--293},
	Publisher = {Springer Berlin Heidelberg},
	Title = {Computing Communities in Large Networks Using Random Walks},
	Year = {2005}}

@article{Danon_et_al:2005,
	Author = {L. Danon and A. {D\'{i}az-Guilera} and J. Duch and A. Arenas},
	Date-Modified = {2020-01-17 15:16:21 +0100},
	Doi = {10.1088/1742-5468/2005/09/P09008},
	Journal = {Journal of Statistical Mechanics: Theory and Experiment},
	Pages = {219-228},
	Title = {Comparing community structure identification},
	Volume = {9},
	Year = {2005},
	Bdsk-Url-1 = {https://doi.org/10.1088/1742-5468/2005/09/P09008}}

@article{HubertArabie:1985,
	Author = {L. Hubert and P. Arabie},
	Date-Modified = {2020-01-17 15:13:32 +0100},
	Doi = {10.1007/BF01908075},
	Journal = {Journal of Classification},
	Number = {1},
	Pages = {193-218},
	Title = {Comparing partitions},
	Volume = {2},
	Year = {1985},
	Bdsk-Url-1 = {https://doi.org/10.1007/BF01908075}}

@article{Meila:2007,
	Author = {Meil\v{a}},
	Doi = {10.1016/j.jmva.2006.11.013},
	Journal = {Journal of Multivariate Analysis},
	Number = {5},
	Pages = {873-895},
	Title = {Comparing clusterings - an information based distance},
	Volume = {98},
	Year = {2007},
	Bdsk-Url-1 = {https://doi.org/10.1016/j.jmva.2006.11.013}}

@article{KalaitzisLawrence_paper:2011,
	Author = {A. A. Kalaitzis and N. D. Lawrence},
	Date-Modified = {2020-01-17 15:14:00 +0100},
	Doi = {10.1186/1471-2105-12-180},
	Journal = {BMC Bioinformatics},
	Number = {180},
	Title = {A Simple Approach to Ranking Differentially Expressed Gene Expression Time Courses through Gaussian Process Regression},
	Volume = {12},
	Year = {2011},
	Bdsk-Url-1 = {https://doi.org/10.1186/1471-2105-12-180}}

@article{PiniVantini:2016,
	Author = {A. Pini and S. Vantini},
	Doi = {10.1111/biom.12476},
	Journal = {Biometrics},
	Number = {3},
	Pages = {835-845},
	Title = {The interval testing procedure: A general framework for inference in functional data analysis},
	Volume = {72},
	Year = {2016},
	Bdsk-Url-1 = {https://doi.org/10.1111/biom.12476}}

@article{Orsini_et_al:2015,
	Author = {C. Orsini and M. Dankulov and P. Colomer-de-Sim\'on and {et al}},
	Doi = {10.1038/ncomms9627},
	Journal = {Nature Communications},
	Number = {8627},
	Title = {Quantifying randomness in real networks},
	Volume = {6},
	Year = {2015},
	Bdsk-Url-1 = {https://doi.org/10.1038/ncomms9627}}

@techreport{vanDongen:2000,
	Address = {P. O. Box 94079 NL-1090 GB Amsterdam, Netherlands},
	Author = {S. {van Dongen}},
	Date-Modified = {2020-01-17 15:25:50 +0100},
	Institution = {National Research Institute for Mathematics and Computer Science in the Netherlands},
	Publisher = {CWI (Centre for Mathematics and Computer Science)},
	Title = {Performance Criteria for Graph Clustering and Markov Cluster Experiments},
	Year = {2000}}

@article{Fortunato:2009,
	Author = {Santo Fortunato},
	Journal = {Physics reports},
	Number = {3--5},
	Pages = {75--174},
	Title = {Community detection in graphs},
	Volume = {486},
	Year = {2009}}
