@Manual{R,
  title = {R: A Language and Environment for Statistical Computing},
  author = {{R Core Team}},
  organization = {R Foundation for Statistical Computing},
  address = {Vienna, Austria},
  year = {2012},
  note = {{ISBN} 3-900051-07-0},
  url = {http://www.R-project.org/},
}

@Manual{knitr,
  title = {knitr: A General-Purpose Package for Dynamic Report Generation in R},
  author = {Yihui Xie},
  year = {2020},
  note = {R package version 1.30},
  url = {https://yihui.org/knitr/},
}

@Book{survival,
  title = {Modeling Survival Data: Extending the {C}ox Model},
  author = {{Terry M. Therneau} and {Patricia M. Grambsch}},
  year = {2000},
  publisher = {Springer},
  address = {New York},
  isbn = {0-387-98784-3},
}

@Manual{dplyr,
  title = {dplyr: A Grammar of Data Manipulation},
  author = {Hadley Wickham and Romain François and Lionel {
           Henry} and Kirill Müller},
  year = {2020},
  note = {R package version 1.0.2},
  url = {https://CRAN.R-project.org/package=dplyr},
}

@misc{CDISC,
  title = {Clinical Data Interchange Standards Consortium},
  howpublished = {\url{https://www.cdisc.org/}},
  note = {Accessed: 2020-10-25},
  year = {2020}
}

@article{benington1983,
  author={H. D. {Benington}},
  journal={Annals of the History of Computing}, 
  title={Production of Large Computer Programs}, 
  year={1983},
  volume={5},
  number={4},
  pages={350-361},
  doi={10.1109/MAHC.1983.10102}}

@Manual{forceps,
  title = {forceps: A grammar for manipulating clinical trial data},
  author = {Michael J. Kane},
  year = {2020},
  note = {R package version 0.0.2},
  url = {https://github.com/kaneplusplus/forceps}
}

@misc{listdown,
  title={On the Programmatic Generation of Reproducible Documents}, 
  author={Michael J. Kane and Xun (Tony) Jiang and Simon Urbanek},
  year={2020},
  eprint={2007.12631},
  archivePrefix={arXiv},
  primaryClass={cs.DL}
}

@Manual{tableone,
  title = {tableone: Create 'Table 1' to Describe Baseline Characteristics with or
without Propensity Score Weights},
  author = {Kazuki Yoshida and Alexander Bartel},
  year = {2020},
  note = {R package version 0.12.0},
  url = {https://CRAN.R-project.org/package=tableone},
}

@Manual{gt,
  title = {gt: Easily Create Presentation-Ready Display Tables},
  author = {Richard Iannone and Joe Cheng and Barret Schloerke},
  year = {2020},
  note = {R package version 0.2.2},
  url = {https://CRAN.R-project.org/package=gt},
}

@Manual{gtsummary,
  title = {gtsummary: Presentation-Ready Data Summary and Analytic Result Tables},
  author = {Daniel D. Sjoberg and Michael Curry and Margie Hannum and Karissa Whiting and Emily C. Zabor},
  year = {2020},
  note = {R package version 1.3.5},
  url = {https://CRAN.R-project.org/package=gtsummary},
}

@Book{ggplot2,
  author = {Hadley Wickham},
  title = {ggplot2: Elegant Graphics for Data Analysis},
  publisher = {Springer-Verlag New York},
  year = {2016},
  isbn = {978-3-319-24277-4},
  url = {https://ggplot2.tidyverse.org},
}

@Manual{survminer,
  title = {survminer: Drawing Survival Curves using 'ggplot2'},
  author = {Alboukadel Kassambara and Marcin Kosinski and Przemyslaw Biecek},
  year = {2020},
  note = {R package version 0.4.8},
  url = {https://CRAN.R-project.org/package=survminer},
}

@Book{plotly,
  author = {Carson Sievert},
  title = {Interactive Web-Based Data Visualization with R, plotly, and shiny},
  publisher = {Chapman and Hall/CRC},
  year = {2020},
  isbn = {9781138331457},
  url = {https://plotly-r.com},
}

@Manual{rbokeh,
  title = {rbokeh: R Interface for Bokeh},
  author = {Ryan Hafen and {Continuum Analytics, Inc.}},
  year = {2020},
  note = {R package version 0.5.1},
  url = {https://CRAN.R-project.org/package=rbokeh},
}

@Manual{trelliscopejs,
  title = {trelliscopejs: Create Interactive Trelliscope Displays},
  author = {Ryan Hafen and Barret Schloerke},
  year = {2020},
  note = {R package version 0.2.5},
  url = {https://CRAN.R-project.org/package=trelliscopejs},
}

@Manual{DT,
  title = {DT: A Wrapper of the JavaScript Library 'DataTables'},
  author = {Yihui Xie and Joe Cheng and Xianying Tan},
  year = {2020},
  note = {R package version 0.16},
  url = {https://CRAN.R-project.org/package=DT},
}

@Manual{greport,
  title = {greport: Graphical Reporting for Clinical Trials},
  author = {Frank E {Harrell Jr}},
  year = {2020},
  note = {R package version 0.7-2},
  url = {https://CRAN.R-project.org/package=greport},
}

@Manual{rmarkdown,
  title = {rmarkdown: Dynamic Documents for R},
  author = {JJ Allaire and Yihui Xie and Jonathan McPherson and Javier Luraschi and Kevin Ushey and Aron Atkins and Hadley Wickham and Joe Cheng and Winston Chang and Richard Iannone},
  year = {2020},
  note = {R package version 2.5},
  url = {https://github.com/rstudio/rmarkdown},
}

@article{ihaka:1996,
  Author = {Ihaka, Ross and Gentleman, Robert},
	Journal = {Journal of Computational and Graphical Statistics},
	Number = 3,
	Pages = {299--314},
	Title = {R: A Language for Data Analysis and Graphics},
	Volume = 5,
	Year = 1996}
