% put bibtex entries here!
@Book{JohnPWD,
author = {Chambers, John M.},
title = {Programming with Data: A Guide to the S Language},
year = {1998},
isbn = {0387985034},
publisher = {Springer-Verlag},
address = {Berlin, Heidelberg},
edition = {1st},
abstract = {A thorough and authoritative guide to the latest version of the S language and its programming environment, written by the chief designer of the S language, this book takes readers through the complete programming process, starting from simple, interactive use and continuing through ambitious software projects. This new version of S provides powerful class/method structures, extended interfaces to other languages, and object-based documentation compatible with HTML.}
}

@techreport{RickBHS,
  title={A Brief History of {S}},
  author={Richard A. Becker},
  institution={AT\&T Bell Laboratories},
  month = {11},
  year={1994}
}
  @Manual{DataTable,
    title = {data.table: Extension of `data.frame`},
    author = {Matt Dowle and Arun Srinivasan},
    year = {2021},
    note = {R package version 1.14.2},
    url = {https://CRAN.R-project.org/package=data.table},
  }
@Manual{R-ext,
  title = {Writing {R} Extensions},
  author = {{R Core Team}},
  organization = {R Foundation for Statistical Computing},
  address = {Vienna, Austria},
  year = {2021},
  url = {https://cran.r-project.org/doc/manuals/r-release/R-exts.html},
}
  @Manual{rJava,
    title = {rJava: Low-Level {R} to {Java} Interface},
    author = {Simon Urbanek},
    year = {2021},
    note = {R package version 1.0-6},
    url = {https://CRAN.R-project.org/package=rJava},
  }
@Manual{reticulate,
    title = {reticulate: Interface to {Python}},
    author = {Kevin Ushey and JJ Allaire and Yuan Tang},
    year = {2022},
    note = {R package version 1.23},
    url = {https://CRAN.R-project.org/package=reticulate},
  }
@inproceedings{clones,
        title = {An empirical study of identical function clones in {CRAN}},
        doi = {10.1109/IWSC.2015.7069885},
        booktitle = {2015 {IEEE} 9th {International} {Workshop} on {Software} {Clones} ({IWSC})},
        author = {Claes, Maelick and Mens, Tom and Tabout, Narjisse and Grosjean, Philippe},
        month = mar,
        year = {2015},
        pages = {19--25},
}
@online{chromium,
title = {Nearly all {Unity} {WebGL} games fail to run in {Chrome} on macOS 11 because of {userAgent}},
author = {{Chromium Bugs}},
url= {https://bugs.chromium.org/p/chromium/issues/detail?id=1171998}
}
@online{SO,
title = {How to find the operating system details using {JavaScript}},
author = {{StackOverflow}},
url = {https://stackoverflow.com/questions/9514179/how-to-find-the-operating-system-details-using-javascript}
}
@Article{BioC,
author={Gentleman, Robert C.
and Carey, Vincent J.
and Bates, Douglas M.
and Bolstad, Ben
and Dettling, Marcel
and Dudoit, Sandrine
and Ellis, Byron
and Gautier, Laurent
and Ge, Yongchao
and Gentry, Jeff
and Hornik, Kurt
and Hothorn, Torsten
and Huber, Wolfgang
and Iacus, Stefano
and Irizarry, Rafael
and Leisch, Friedrich
and Li, Cheng
and Maechler, Martin
and Rossini, Anthony J.
and Sawitzki, Gunther
and Smith, Colin
and Smyth, Gordon
and Tierney, Luke
and Yang, Jean YH
and Zhang, Jianhua},
title={Bioconductor: open software development for computational biology and bioinformatics},
journal={Genome Biology},
year={2004},
month={Sep},
day={15},
volume={5},
number={10},
pages={R80},
abstract={The Bioconductor project is an initiative for the collaborative creation of extensible software for computational biology and bioinformatics. The goals of the project include: fostering collaborative development and widespread use of innovative software, reducing barriers to entry into interdisciplinary scientific research, and promoting the achievement of remote reproducibility of research results. We describe details of our aims and methods, identify current challenges, compare Bioconductor to other open bioinformatics projects, and provide working examples.},
issn={1474-760X},
doi={10.1186/gb-2004-5-10-r80},
url={https://doi.org/10.1186/gb-2004-5-10-r80}
}

@book{EDA,
  title={Exploratory Data Analysis},
  author={Tukey, John W.},
  number={v. 2},
  isbn={9780201076165},
  lccn={76005080},
  series={Addison-Wesley series in behavioral science},
  year={1977},
  publisher={Addison-Wesley Publishing Company}
}
@article{CRAN2,
title={Are There Too Many {R} Packages?},
volume={41},
DOI={10.17713/ajs.v41i1.188},
number={1}, journal={Austrian Journal of Statistics},
author={Hornik, Kurt}, year={2016}, month={2}, pages={59–66}
}
@article{CRAN1,
author = {Hornik, Kurt and Leisch, Friedrich},
year = {2002},
month = {01},
pages = {61-70},
journal={Festschrift 50 Jahre Österreichische Statistische Gesellschaft},
title = {Vienna and {R}: Love, Marriage and the Future},
issn={2016-597X}
}
  @INPROCEEDINGS{Pinto,
  author={G. {Pinto} and I. {Wiese} and L. F. {Dias}},
  booktitle={2018 IEEE 25th International Conference on Software Analysis, Evolution and Reengineering (SANER)}, 
  title={How do scientists develop scientific software? {A}n external replication}, 
  year={2018},
  volume={},
  number={},
  pages={582-591},
  doi={10.1109/SANER.2018.8330263}}
