@article{bergstrom:2015,
	title = {Interpretation of runoff processes in hydrological modelling—experience from the {HBV} approach},
	volume = {29},
	issn = {1099-1085},
	url = {http://onlinelibrary.wiley.com/doi/10.1002/hyp.10510/abstract},
	doi = {10.1002/hyp.10510},
	language = {en},
	number = {16},
	urldate = {2018-02-09},
	journal = {Hydrol. Process.},
	author = {Bergström, Sten and Lindström, Göran},
	month = jul,
	year = {2015},
	keywords = {HBV model, hydrological modelling, runoff generation},
	pages = {3535--3545}
	}

@article{braun:1992,
	title = {Application of a conceptual runoff model in different physiographic regions of {Switzerland}},
	volume = {37},
	issn = {0262-6667},
	url = {https://doi.org/10.1080/02626669209492583},
	doi = {10.1080/02626669209492583},
	number = {3},
	urldate = {2019-06-13},
	journal = {Hydrological Sciences Journal},
	author = {Braun, L. N. and Renner, C. B.},
	month = jun,
	year = {1992},
	pages = {217--231}
	}



@article{krysanova:1999,
	title = {Modelling river discharge for large drainage basins: from lumped to distributed approach},
	volume = {44},
	issn = {0262-6667},
	shorttitle = {Modelling river discharge for large drainage basins},
	url = {https://doi.org/10.1080/02626669909492224},
	doi = {10.1080/02626669909492224},
	number = {2},
	urldate = {2019-06-13},
	journal = {Hydrological Sciences Journal},
	author = {Krysanova, V. and Bronstert, A. and Müller-Wohlfeil, D.-I.},
	month = apr,
	year = {1999},
	pages = {313--331}
}

@article{stahl_hbv:2008,
	title = {Coupled modelling of glacier and streamflow response to future climate scenarios},
	volume = {44},
	issn = {1944-7973},
	url = {http://onlinelibrary.wiley.com/doi/10.1029/2007WR005956/abstract},
	doi = {10.1029/2007WR005956},
	language = {en},
	number = {2},
	urldate = {2017-11-10},
	journal = {Water Resour. Res.},
	author = {Stahl, K. and Moore, R. D. and Shea, J. M. and Hutchinson, D. and Cannon, A. J.},
	month = feb,
	year = {2008},
	note = {0013},
	keywords = {1621 Cryospheric change, 1807 Climate impacts, 1847 Modeling, 1860 Streamflow, climate change, conceptual models, Glacier retreat, HBV, streamflow, volume-area scaling},
	pages = {W02422}	
}

@Manual{viglione:2016,
    title = {TUWmodel: Lumped Hydrological Model for Education Purposes},
    author = {Alberto Viglione and Juraj Parajka},
    year = {2016},
    note = {R package version 0.1-8},
    url = {https://CRAN.R-project.org/package=TUWmodel},
  }
  
@article{buytaert:2008,
	title = {Why can't we do better than {Topmodel}?},
	volume = {22},
	issn = {1099-1085},
	url = {http://onlinelibrary.wiley.com/doi/10.1002/hyp.7125/abstract},
	doi = {10.1002/hyp.7125},
	language = {en},
	number = {20},
	urldate = {2017-12-13},
	journal = {Hydrol. Process.},
	author = {Buytaert, Wouter and Reusser, Dominik and Krause, Stefan and Renaud, J.-P.},
	month = sep,
	year = {2008},
	note = {0208},
	pages = {4175--4179}	
}

@article{slater:2019,
	title = {Using {R} in hydrology: a review of recent developments and future directions},
	issn = {1027-5606},
	shorttitle = {Using {R} in hydrology},
	url = {https://www.hydrol-earth-syst-sci-discuss.net/hess-2019-50/},
	doi = {https://doi.org/10.5194/hess-2019-50},
	language = {English},
	urldate = {2019-05-06},
	journal = {Hydrology and Earth System Sciences Discussions},
	author = {Slater, Louise J. and Thirel, Guillaume and Harrigan, Shaun and Delaigue, Olivier and Hurley, Alexander and Khouakhi, Abdou and Prodoscimi, Ilaria and Vitolo, Claudia and Smith, Katie},
	month = feb,
	year = {2019},
	pages = {1--33}	
}

 @Manual{topmodel:2018,
    title = {topmodel: Implementation of the Hydrological Model TOPMODEL in R},
    author = {Wouter Buytaert},
    year = {2018},
    note = {R package version 0.7.3},
    url = {https://CRAN.R-project.org/package=topmodel},
  }

@article{metcalfe:2015,
	title = {Dynamic {TOPMODEL}: {A} new implementation in {R} and its sensitivity to time and space steps},
	volume = {72},
	issn = {1364-8152},
	shorttitle = {Dynamic {TOPMODEL}},
	url = {http://www.sciencedirect.com/science/article/pii/S1364815215001735},
	doi = {10.1016/j.envsoft.2015.06.010},
	urldate = {2019-02-26},
	journal = {Environmental Modelling \& Software},
	author = {Metcalfe, Peter and Beven, Keith and Freer, Jim},
	month = oct,
	year = {2015},
	note = {0306},
	keywords = {R, Distributed hydrological model, Dynamic TOPMODEL, Gwy, Plynlimon},
	pages = {155--172}
}

@Article{coron:2017,
    title = {The Suite of Lumped {GR} Hydrological Models in an {R} package},
    author = {L. Coron and G. Thirel and O. Delaigue and C. Perrin and V. Andréassian},
    journal = {Environmental Modelling and Software},
    year = {2017},
    pages = {166-171},
    volume = {94},
    doi = {10.1016/j.envsoft.2017.05.002},
  }
  
@Manual{airGR:2020,
    title = {{airGR}: Suite of {GR} Hydrological Models for Precipitation-Runoff Modelling},
    author = {L. Coron and O. Delaigue and G. Thirel and C. Perrin and C. Michel},
    journal = {R News},
    year = {2020},
    note = {R package version 1.4.3.65},
    doi = {10.15454/EX11NA},
    url = {https://CRAN.R-project.org/package=airGR},
  }
  
@article{andrews:2011,
	title = {An open software environment for hydrological model assessment and development},
	volume = {26},
	issn = {1364-8152},
	url = {http://www.sciencedirect.com/science/article/pii/S1364815211001046},
	doi = {10.1016/j.envsoft.2011.04.006},
	language = {en},
	number = {10},
	urldate = {2020-04-16},
	journal = {Environmental Modelling \& Software},
	author = {Andrews, F. T. and Croke, B. F. W. and Jakeman, A. J.},
	month = oct,
	year = {2011},
	keywords = {Hydrological models, R, Event separation, Model evaluation, Modelling frameworks, Unit hydrograph},
	pages = {1171--1185}
}

@Manual{glacier:2017,
    title = {glacierSMBM: Glacier Surface Mass Balance Model},
    author = {Alexander R. Groos and Christoph Mayer},
    year = {2017},
    note = {R package version 0.1},
    url = {https://CRAN.R-project.org/package=glacierSMBM},
  }
  
@Manual{toum:2021,
    title = {{HBV.IANIGLA}: Modular Hydrological Model},
    author = {Ezequiel Toum},
    year = {2021},
    note = {0.2.0},
    url = {https://CRAN.R-project.org/package=HBV.IANIGLA}
  }

@article{masiokas:2020,
	title = {A {Review} of the {Current} {State} and {Recent} {Changes} of the {Andean} {Cryosphere}},
	volume = {8},
	issn = {2296-6463},
	url = {https://www.frontiersin.org/articles/10.3389/feart.2020.00099/full},
	doi = {10.3389/feart.2020.00099},
	language = {English},
	urldate = {2020-07-07},
	journal = {Frontiers in Earth Science},
	author = {Masiokas, M. H. and Rabatel, A. and Rivera, A. and Ruiz, L. and Pitte, P. and Ceballos, J. L. and Barcaza, G. and Soruco, A. and Bown, F. and Berthier, E. and Dussaillant, I. and MacDonell, S.},
	year = {2020},
	note = {0424},
	keywords = {Andes (South America), Glacier, Mountain permafrost, seasonal snow, Southern andes, Tropical Andes}
}

@article{seibert:2012,
	title = {Teaching hydrological modeling with a user-friendly catchment-runoff-model software package},
	volume = {16},
	issn = {1607-7938},
	url = {https://www.hydrol-earth-syst-sci.net/16/3315/2012/},
	doi = {10.5194/hess-16-3315-2012},
	number = {9},
	urldate = {2018-05-24},
	journal = {Hydrol. Earth Syst. Sci.},
	author = {Seibert, J. and Vis, M. J. P.},
	month = sep,
	year = {2012},
	note = {0021},
	pages = {3315--3325}
	}

@article{parajka:2008,
	title = {The value of {MODIS} snow cover data in validating and calibrating conceptual hydrologic models},
	volume = {358},
	issn = {0022-1694},
	url = {http://www.sciencedirect.com/science/article/pii/S0022169408002862},
	doi = {10.1016/j.jhydrol.2008.06.006},
	number = {3},
	urldate = {2017-11-07},
	journal = {Journal of Hydrology},
	author = {Parajka, J. and Blöschl, G.},
	month = sep,
	year = {2008},
	note = {0199},
	keywords = {Calibration, Conceptual hydrologic model, MODIS, Snow cover},
	pages = {240--258}
	}

@article{nash:1970,
	title = {River flow forecasting through conceptual models part {I} — {A} discussion of principles},
	volume = {10},
	issn = {0022-1694},
	url = {http://www.sciencedirect.com/science/article/pii/0022169470902556},
	doi = {10.1016/0022-1694(70)90255-6},
	number = {3},
	urldate = {2017-12-27},
	journal = {Journal of Hydrology},
	author = {Nash, J. E. and Sutcliffe, J. V.},
	month = apr,
	year = {1970},
	note = {0004},
	pages = {282--290}
}

@article{oconnell:1970,
	title = {River flow forecasting through conceptual models part {II} - {The} {Brosna} catchment at {Ferbane}},
	volume = {10},
	issn = {0022-1694},
	url = {http://www.sciencedirect.com/science/article/pii/0022169470902210},
	doi = {10.1016/0022-1694(70)90221-0},
	language = {en},
	number = {4},
	urldate = {2021-01-21},
	journal = {Journal of Hydrology},
	author = {O'Connell, P. E. and Nash, J. E. and Farrell, J. P.},
	month = jun,
	year = {1970},
	pages = {317--329}
}

@article{mandeville:1970,
	title = {River flow forecasting through conceptual models part {III} - {The} {Ray} catchment at {Grendon} {Underwood}},
	volume = {11},
	issn = {0022-1694},
	url = {http://www.sciencedirect.com/science/article/pii/0022169470900983},
	doi = {10.1016/0022-1694(70)90098-3},
	language = {en},
	number = {2},
	urldate = {2021-01-21},
	journal = {Journal of Hydrology},
	author = {Mandeville, A. N. and O'Connell, P. E. and Sutcliffe, J. V. and Nash, J. E.},
	month = aug,
	year = {1970},
	pages = {109--128}
	}

@article{bergstrom:1991,
	title = {Principles and {Confidence} in {Hydrological} {Modelling}},
	volume = {22},
	issn = {0029-1277},
	url = {https://doi.org/10.2166/nh.1991.0009},
	doi = {10.2166/nh.1991.0009},
	number = {2},
	urldate = {2021-01-21},
	journal = {Hydrology Research},
	author = {Bergström, Sten},
	month = apr,
	year = {1991},
	pages = {123--136}
}

@article{sivapalan:2017,
	title = {The {Growth} of {Hydrological} {Understanding}: {Technologies}, {Ideas}, and {Societal} {Needs} {Shape} the {Field}},
	volume = {53},
	copyright = {© 2017. American Geophysical Union. All Rights Reserved.},
	issn = {1944-7973},
	shorttitle = {The {Growth} of {Hydrological} {Understanding}},
	url = {https://agupubs.onlinelibrary.wiley.com/doi/abs/10.1002/2017WR021396},
	doi = {10.1002/2017WR021396},
	language = {en},
	number = {10},
	urldate = {2020-03-27},
	journal = {Water Resources Research},
	author = {Sivapalan, Murugesu and Blöschl, Günter},
	year = {2017},
	note = {0413},
	keywords = {history of hydrology, hydrologic understanding, ideas, societal needs, technologies},
	pages = {8137--8146}
}

@article{konz:2010,
	title = {On the value of glacier mass balances for hydrological model calibration},
	volume = {385},
	issn = {0022-1694},
	url = {http://www.sciencedirect.com/science/article/pii/S0022169410000958},
	doi = {10.1016/j.jhydrol.2010.02.025},
	number = {1},
	urldate = {2017-11-08},
	journal = {Journal of Hydrology},
	author = {Konz, Markus and Seibert, Jan},
	month = may,
	year = {2010},
	note = {0189},
	keywords = {Glacier mass balances, HBV model, Model calibration, Monte Carlo simulations},
	pages = {238--246}	
}

@article{ali:2018,
	title = {Projection of future streamflow of the {Hunza} {River} {Basin}, {Karakoram} {Range} ({Pakistan}) using {HBV} hydrological model},
	volume = {15},
	issn = {1993-0321},
	url = {https://doi.org/10.1007/s11629-018-4907-4},
	doi = {10.1007/s11629-018-4907-4},
	language = {en},
	number = {10},
	urldate = {2018-10-16},
	journal = {J. Mt. Sci.},
	author = {Ali, Ayaz Fateh and Xiao, Cun-de and Zhang, Xiao-peng and Adnan, Muhammad and Iqbal, Mudassar and Khan, Garee},
	month = oct,
	year = {2018},
	note = {0272},
	keywords = {HBV Light model, Hunza River, Hydrological modeling, Snow and glacier-melt, Upper Indus Basin},
	pages = {2218--2235}
}

@article{finger:2015,
	title = {The value of multiple data set calibration versus model complexity for improving the performance of hydrological models in mountain catchments},
	volume = {51},
	issn = {1944-7973},
	url = {http://onlinelibrary.wiley.com/doi/10.1002/2014WR015712/abstract},
	doi = {10.1002/2014WR015712},
	language = {en},
	number = {4},
	urldate = {2017-11-03},
	journal = {Water Resour. Res.},
	author = {Finger, David and Vis, Marc and Huss, Matthias and Seibert, Jan},
	month = apr,
	year = {2015},
	keywords = {0762 Mass balance, 1804 Catchment, 1805 Computational hydrology, 1827 Glaciology, alpine hydrology, glacier melt, mass balances, model calibration, runoff, satellite data},
	pages = {1939--1958}	
}

@article{staudinger:2017,
	title = {Catchment water storage variation with elevation},
	volume = {31},
	copyright = {Copyright © 2017 John Wiley \& Sons, Ltd.},
	issn = {1099-1085},
	url = {https://onlinelibrary.wiley.com/doi/abs/10.1002/hyp.11158},
	doi = {10.1002/hyp.11158},
	language = {en},
	number = {11},
	urldate = {2018-07-20},
	journal = {Hydrological Processes},
	author = {Staudinger, Maria and Stoelzle, Michael and Seeger, Stefan and Seibert, Jan and Weiler, Markus and Stahl, Kerstin},
	year = {2017},
	keywords = {HBV, elevation gradient, storage estimation, Swiss Alps, tracer hydrology, TRANSEP, water availability},
	pages = {2000--2015}	
}

@article{ren:2018,
	title = {Improving monthly streamflow prediction in alpine regions: integrating {HBV} model with {Bayesian} neural network},
	volume = {32},
	issn = {1436-3259},
	shorttitle = {Improving monthly streamflow prediction in alpine regions},
	url = {https://doi.org/10.1007/s00477-018-1553-x},
	doi = {10.1007/s00477-018-1553-x},
	language = {en},
	number = {12},
	urldate = {2019-09-27},
	journal = {Stoch Environ Res Risk Assess},
	author = {Ren, Wei Wei and Yang, Tao and Huang, Ching Sheng and Xu, Chong Yu and Shao, Quan Xi},
	month = dec,
	year = {2018},
	note = {0359},
	keywords = {Alpine region, Bayesian neural networks, HBV light model, Hybrid model, Least-square support vector machine, Streamflow forecasting, Uncertainty estimates},
	pages = {3381--3396}
	}
	
@book{beven:2012,
	address = {Chichester},
	edition = {2 edition},
	title = {Rainfall - {Runoff} {Modelling}},
	isbn = {978-0-470-86671-9},
	shorttitle = {Rainfall - {Runoff} {Modelling}},
	language = {English},
	publisher = {Wiley},
	author = {Beven, Keith J.},
	month = mar,
	year = {2012}
}

@Manual{pet:2020,
    title = {Evapotranspiration: Modelling Actual, Potential and Reference Crop
Evapotranspiration},
    author = {Danlu Guo and Seth Westra and Tim Peterson},
    year = {2020},
    note = {R package version 1.15},
    url = {https://CRAN.R-project.org/package=Evapotranspiration},
  }
  
@article{pellicciotti:2005,
	title = {An enhanced temperature-index glacier melt model including the shortwave radiation balance: development and testing for {Haut} {Glacier} d’{Arolla}, {Switzerland}},
	volume = {51},
	issn = {0022-1430, 1727-5652},
	shorttitle = {An enhanced temperature-index glacier melt model including the shortwave radiation balance},
	doi = {10.3189/172756505781829124},
	language = {en},
	number = {175},
	urldate = {2020-10-28},
	journal = {Journal of Glaciology},
	author = {Pellicciotti, Francesca and Brock, Ben and Strasser, Ulrich and Burlando, Paolo and Funk, Martin and Corripio, Javier},
	year = {2005},
	note = {Publisher: Cambridge University Press},
	pages = {573--587}
}

@article{kirchner:2006,
	title = {Getting the right answers for the right reasons: {Linking} measurements, analyses, and models to advance the science of hydrology},
	volume = {42},
	copyright = {Copyright 2006 by the American Geophysical Union.},
	issn = {1944-7973},
	shorttitle = {Getting the right answers for the right reasons},
	url = {https://agupubs.onlinelibrary.wiley.com/doi/abs/10.1029/2005WR004362},
	doi = {10.1029/2005WR004362},
	language = {en},
	number = {3},
	urldate = {2018-09-17},
	journal = {Water Resources Research},
	author = {Kirchner, James W.},
	month = mar,
	year = {2006},
	note = {0216},
	keywords = {validation, catchment hydrology, hydrological data, mathematical models, water quality}
}

@book{dewalle:2008,
	address = {Cambridge, UK ; New York},
	title = {Principles of {Snow} {Hydrology}},
	isbn = {978-0-521-82362-3},
	language = {Inglés},
	publisher = {Cambridge University Press },
	author = {DeWalle, David R. and Rango, Albert},
	month = jul,
	year = {2008}
}

@article{liang:1994,
	title = {A simple hydrologically based model of land surface water and energy fluxes for general circulation models},
	volume = {99},
	copyright = {Copyright 1994 by the American Geophysical Union.},
	issn = {2156-2202},
	url = {https://agupubs.onlinelibrary.wiley.com/doi/abs/10.1029/94JD00483},
	doi = {https://doi.org/10.1029/94JD00483},
	language = {en},
	number = {D7},
	urldate = {2021-01-25},
	journal = {Journal of Geophysical Research: Atmospheres},
	author = {Liang, Xu and Lettenmaier, Dennis P. and Wood, Eric F. and Burges, Stephen J.},
	year = {1994},
	note = {\_eprint: https://agupubs.onlinelibrary.wiley.com/doi/pdf/10.1029/94JD00483},
	pages = {14415--14428}
}

@article{zhang:2003,
	title = {Observation and estimation of evaporation from the ground surface of the cryosphere in eastern {Asia}},
	volume = {17},
	issn = {1099-1085},
	url = {http://onlinelibrary.wiley.com/doi/10.1002/hyp.1183/abstract},
	doi = {10.1002/hyp.1183},
	language = {en},
	number = {6},
	urldate = {2017-11-30},
	journal = {Hydrological Processes},
	author = {Zhang, Yinsheng and Ohata, T. and Ersi, Kang and Tandong, Yao},
	month = apr,
	year = {2003},
	keywords = {Asia, cryosphere, evaporation, lysimeter, permafrost},
	pages = {1135--1147}
}

@article{mcdonnell:2003,
	title = {Where does water go when it rains? {Moving} beyond the variable source area concept of rainfall-runoff response},
	volume = {17},
	copyright = {Copyright © 2003 John Wiley \& Sons, Ltd.},
	issn = {1099-1085},
	shorttitle = {Where does water go when it rains?},
	url = {https://onlinelibrary.wiley.com/doi/abs/10.1002/hyp.5132},
	doi = {https://doi.org/10.1002/hyp.5132},
	language = {en},
	number = {9},
	urldate = {2021-01-25},
	journal = {Hydrological Processes},
	author = {McDonnell, Jeffrey J.},
	year = {2003},
	note = {\_eprint: https://onlinelibrary.wiley.com/doi/pdf/10.1002/hyp.5132},
	pages = {1869--1875}
}

@book{cuffey:2010,
	title = {The {Physics} of {Glaciers}},
	isbn = {978-0-08-091912-6},
	language = {en},
	publisher = {Academic Press},
	author = {Cuffey, Kurt M. and Paterson, W. S. B.},
	month = jun,
	year = {2010},
	note = {Google-Books-ID: Jca2v1u1EKEC},
	keywords = {Science / Earth Sciences / Geology, Science / Physics / Geophysics}
}

@article{jansson:2003,
	series = {Mountain {Hydrology} and {Water} {Resources}},
	title = {The concept of glacier storage: a review},
	volume = {282},
	issn = {0022-1694},
	shorttitle = {The concept of glacier storage},
	url = {http://www.sciencedirect.com/science/article/pii/S0022169403002580},
	doi = {10.1016/S0022-1694(03)00258-0},
	number = {1},
	urldate = {2018-05-22},
	journal = {Journal of Hydrology},
	author = {Jansson, Peter and Hock, Regine and Schneider, Thomas},
	month = nov,
	year = {2003},
	note = {0229},
	keywords = {Glacier hydrology, Glacier storage, Water storage},
	pages = {116--129}
}

@book{eddelbuettel:2013,
	address = {New York},
	series = {Use {R}!},
	title = {Seamless {R} and {C}++ {Integration} with {Rcpp}},
	isbn = {978-1-4614-6867-7},
	url = {https://www.springer.com/gp/book/9781461468677},
	language = {en},
	urldate = {2019-06-13},
	publisher = {Springer-Verlag},
	author = {Eddelbuettel, Dirk},
	year = {2013}
	}
	
@Manual{rcpp:2019,
  title = {Rcpp: Seamless R and C++ Integration},
  author = {Dirk Eddelbuettel and Romain Francois and JJ Allaire and Kevin Ushey and Qiang Kou and Nathan Russell and Douglas Bates and John Chambers},
  year = {2019},
  note = {R package version 1.0.2},
  url = {https://CRAN.R-project.org/package=Rcpp},
}

@Manual{de_opt:2016,
  title = {DEoptim: Global Optimization by Differential Evolution},
  author = {David Ardia and Katharine Mullen and Brian Peterson and Joshua Ulrich},
  year = {2016},
  note = {R package version 2.2-4},
  url = {https://CRAN.R-project.org/package=DEoptim}
}

@article{beven_manifesto_2006,
	series = {The model parameter estimation experiment},
	title = {A manifesto for the equifinality thesis},
	volume = {320},
	issn = {0022-1694},
	url = {http://www.sciencedirect.com/science/article/pii/S002216940500332X},
	doi = {10.1016/j.jhydrol.2005.07.007},
	number = {1},
	urldate = {2017-12-27},
	journal = {Journal of Hydrology},
	author = {Beven, Keith},
	month = mar,
	year = {2006},
	note = {0126},
	keywords = {Equifinality, Fuzzy measures, GLUE, Hydrological models, Observation error, Uncertainty},
	pages = {18--36}
	}
	
@article{pianosi:2016,
	title = {Sensitivity analysis of environmental models: {A} systematic review with practical workflow},
	volume = {79},
	issn = {1364-8152},
	shorttitle = {Sensitivity analysis of environmental models},
	url = {http://www.sciencedirect.com/science/article/pii/S1364815216300287},
	doi = {10.1016/j.envsoft.2016.02.008},
	urldate = {2019-05-06},
	journal = {Environmental Modelling \& Software},
	author = {Pianosi, Francesca and Beven, Keith and Freer, Jim and Hall, Jim W. and Rougier, Jonathan and Stephenson, David B. and Wagener, Thorsten},
	month = may,
	year = {2016},
	note = {0324},
	keywords = {Calibration, Evaluation, Robust decision-making, Sensitivity Analysis, Uncertainty Analysis},
	pages = {214--232}
	}

@book{beven:2008,
	address = {London},
	edition = {1 edition},
	title = {Environmental {Modelling}: {An} {Uncertain} {Future}?},
	isbn = {978-0-415-45759-0},
	shorttitle = {Environmental {Modelling}},
	language = {English},
	publisher = {CRC Press},
	author = {Beven, Keith},
	month = sep,
	year = {2008}
}	


@Manual{hydroGOF:2017,
  title = {hydroGOF: Goodness-of-Fit Functions for Comparison of Simulated and
Observed Hydrological Time Series},
  author = {{Mauricio Zambrano-Bigiarini}},
  year = {2017},
  note = {R package version 0.3-10},
  url = {https://CRAN.R-project.org/package=hydroGOF}
}

@Manual{raster:2017,
  title = {raster: Geographic Data Analysis and Modeling},
  author = {Robert J. Hijmans},
  year = {2017},
  note = {R package version 2.6-7},
  url = {https://CRAN.R-project.org/package=raster}
}

@Manual{plotly:2019,
  title = {plotly: Create Interactive Web Graphics via 'plotly.js'},
  author = {Carson Sievert and Chris Parmer and Toby Hocking and Scott Chamberlain and Karthik Ram and Marianne Corvellec and Pedro Despouy},
  year = {2019},
  note = {R package version 4.9.0},
  url = {https://CRAN.R-project.org/package=plotly}
}

@Manual{evap:2019,
  title = {Evapotranspiration: Modelling Actual, Potential and Reference Crop Evapotranspiration},
  author = {Danlu Guo and Seth Westra and Tim Peterson},
  year = {2019},
  note = {R package version 1.14},
  url = {https://CRAN.R-project.org/package=Evapotranspiration}
}

@Manual{tidyverse:2019,
  title = {tidyverse: Easily Install and Load the 'Tidyverse'},
  author = {Hadley Wickham},
  year = {2019},
  note = {R package version 1.3.0},
  url = {https://CRAN.R-project.org/package=tidyverse}
}


@Manual{sp:2017,
  title = {sp: Classes and Methods for Spatial Data},
  author = {Edzer Pebesma and Roger Bivand},
  year = {2017},
  note = {R package version 1.2-5},
  url = {https://CRAN.R-project.org/package=sp}
}

@article{ceola:2015,
	title = {Virtual laboratories: new opportunities for collaborative water science},
	volume = {19},
	issn = {1027-5606},
	shorttitle = {Virtual laboratories},
	url = {https://www.hydrol-earth-syst-sci.net/19/2101/2015/hess-19-2101-2015.html},
	doi = {https://doi.org/10.5194/hess-19-2101-2015},
	language = {English},
	number = {4},
	urldate = {2019-06-18},
	journal = {Hydrology and Earth System Sciences},
	author = {Ceola, S. and Arheimer, B. and Baratti, E. and Blöschl, G. and Capell, R. and Castellarin, A. and Freer, J. and Han, D. and Hrachowitz, M. and Hundecha, Y. and Hutton, C. and Lindström, G. and Montanari, A. and Nijzink, R. and Parajka, J. and Toth, E. and Viglione, A. and Wagener, T.},
	month = apr,
	year = {2015},
	pages = {2101--2117}	
}

@article{hutton:2016,
	title = {Most computational hydrology is not reproducible, so is it really science?},
	volume = {52},
	copyright = {© 2016. American Geophysical Union. All Rights Reserved.},
	issn = {1944-7973},
	url = {https://agupubs.onlinelibrary.wiley.com/doi/abs/10.1002/2016WR019285},
	doi = {10.1002/2016WR019285},
	language = {en},
	number = {10},
	urldate = {2019-06-18},
	journal = {Water Resources Research},
	author = {Hutton, Christopher and Wagener, Thorsten and Freer, Jim and Han, Dawei and Duffy, Chris and Arheimer, Berit},
	year = {2016},
	keywords = {hydrology, code, reproducibility, software, verification, workflows},
	pages = {7548--7555}
	}
	
@article{hock:2003,
	title = {Temperature index melt modelling in mountain areas},
	volume = {282},
	issn = {0022-1694},
	url = {http://www.sciencedirect.com/science/article/pii/S0022169403002579},
	doi = {10.1016/S0022-1694(03)00257-9},
	number = {1},
	urldate = {2017-10-13},
	journal = {Journal of Hydrology},
	author = {Hock, Regine},
	month = nov,
	year = {2003},
	keywords = {Degree-day factor, Glacier mass balance, Melt modelling, Temperature index models},
	pages = {104--115}
	}
	
@article{huss:2010,
	title = {Future high-mountain hydrology:  a new parameterization of glacier retreat},
	volume = {14},
	issn = {1607-7938},
	shorttitle = {Future high-mountain hydrology},
	url = {https://www.hydrol-earth-syst-sci.net/14/815/2010/},
	doi = {10.5194/hess-14-815-2010},
	number = {5},
	urldate = {2017-11-09},
	journal = {Hydrol. Earth Syst. Sci.},
	author = {Huss, M. and Jouvet, G. and Farinotti, D. and Bauder, A.},
	month = may,
	year = {2010},
	note = {0019},
	pages = {815--829}
}

@Manual{toum:2020,
    title = {hydroToolkit: Hydrological Tools for Handling Hydro-Meteorological Data from Argentina and Chile},
    author = {Ezequiel Toum},
    year = {2020},
    note = {R package version 0.1.1}
  }
 
@book{chambers:2017,
	title = {Extending {R}},
	isbn = {978-1-4987-7572-4},
	language = {en},
	publisher = {CRC Press},
	author = {Chambers, John M.},
	month = dec,
	year = {2017},
	note = {Google-Books-ID: kxxjDAAAQBAJ},
	keywords = {Mathematics / Probability \& Statistics / General, Business \& Economics / Statistics}
}

@article{ragettli:2012,
	title = {Calibration of a physically based, spatially distributed hydrological model in a glacierized basin: {On} the use of knowledge from glaciometeorological processes to constrain model parameters},
	volume = {48},
	issn = {1944-7973},
	shorttitle = {Calibration of a physically based, spatially distributed hydrological model in a glacierized basin},
	url = {http://onlinelibrary.wiley.com/doi/10.1029/2011WR010559/abstract},
	doi = {10.1029/2011WR010559},
	language = {en},
	number = {3},
	urldate = {2018-03-02},
	journal = {Water Resour. Res.},
	author = {Ragettli, S. and Pellicciotti, F.},
	month = mar,
	year = {2012},
	note = {0218},
	keywords = {1827 Glaciology, model calibration, 1847 Modeling, 0740 Snowmelt, 1846 Model calibration, glacier runoff, hydrological modeling, parameter calibration, physically based, TOPKAPI},
	pages = {W03509}
	}
	
	
@article{masiokas:2016,
	title = {Reconstructing the annual mass balance of the {Echaurren} {Norte} glacier ({Central} {Andes}, $33.5^{\circ}$ {S}) using local and regional hydroclimatic data},
	volume = {10},
	issn = {1994-0424},
	url = {https://www.the-cryosphere.net/10/927/2016/},
	doi = {10.5194/tc-10-927-2016},
	language = {en},
	urldate = {2017-11-06},
	journal = {The Cryosphere},
	author = {Masiokas, M. H. and Christie, D. A. and Le Quesne, C. and Pitte, P. and Ruiz, L. and Villalba, R. and Luckman, B. H. and Berthier, E. and Nussbaumer, S. U. and Gonzalez-Reyes, A. and McPhee, J. and Barcaza, G.},
	month = apr,
	year = {2016},
	note = {0198},
	pages = {927--940}
	}
	
@article{ayala:2017,
	title = {Melt and surface sublimation across a glacier in a dry environment: distributed energy-balance modelling of {Juncal} {Norte} {Glacier}, {Chile}},
	volume = {63},
	issn = {0022-1430, 1727-5652},
	shorttitle = {Melt and surface sublimation across a glacier in a dry environment},
	doi = {10.1017/jog.2017.46},
	language = {en},
	number = {241},
	urldate = {2018-05-30},
	journal = {Journal of Glaciology},
	author = {Ayala, A. and Pellicciotti, F. and Peleg, N. and Burlando, P.},
	month = oct,
	year = {2017},
	note = {0236},
	keywords = {energy balance, glacier meteorology, glacier surface melt, mountain glaciers, snow/ice surface processes},
	pages = {803--822}
	}

@article{ohmura:2001,
	title = {Physical Basis for the Temperature-Based Melt-Index Method},
	volume = {40},
	issn = {0894-8763},
	url = {https://doi.org/10.1175/1520-0450(2001)040<0753:PBFTTB>2.0.CO;2},
	doi = {10.1175/1520-0450(2001)040<0753:PBFTTB>2.0.CO;2},
	language = {English},
	number = {4},
	urldate = {2018-05-22},
	journal = {Journal of Applied Meteorology},
	author = {Ohmura, Atsumu},
	month = apr,
	year = {2001},
	pages = {753--761}
	}
	
@techreport{ingmanso:2018,
	title = {{IANIGLA}-{Inventario} {Nacional} de {Glaciares}. 2018. {Informe} de las subcuencas de los ríos {Manso}, {Villegas} y {Foyel}. {Cuenca} de los ríos {Manso} y {Puelo}. {IANIGLA}-{CONICET}, {Ministerio} de {Ambiente} y {Desarrollo} {Sustentable} de la {Nación}.},
	url = {http://www.glaciaresargentinos.gob.ar},
	language = {Español},
	institution = {IANIGLA},
	author = {IANIGLA-ING},
	year = {2018},
	pages = {54}
}

@article{ruiz:2017,
	title = {Recent geodetic mass balance of {Monte} {Tronador} glaciers, northern {Patagonian} {Andes}},
	volume = {11},
	issn = {1994-0424},
	url = {https://www.the-cryosphere.net/11/619/2017/},
	doi = {10.5194/tc-11-619-2017},
	number = {1},
	urldate = {2018-06-01},
	journal = {The Cryosphere},
	author = {Ruiz, L. and Berthier, E. and Viale, M. and Pitte, P. and Masiokas, M. H.},
	month = feb,
	year = {2017},
	note = {0237},
	pages = {619--634},
	}
	
@article{ayala:2020,
	title = {Glacier runoff variations since 1955 in the {Maipo} {River} basin, in the semiarid {Andes} of central {Chile}},
	volume = {14},
	issn = {1994-0416},
	url = {https://tc.copernicus.org/articles/14/2005/2020/},
	doi = {https://doi.org/10.5194/tc-14-2005-2020},
	language = {English},
	number = {6},
	urldate = {2020-06-29},
	journal = {The Cryosphere},
	author = {Ayala, Álvaro and Farías-Barahona, David and Huss, Matthias and Pellicciotti, Francesca and McPhee, James and Farinotti, Daniel},
	month = jun,
	year = {2020},
	note = {0373},
	pages = {2005--2027}
}

@Manual{microbench:2019,
    title = {microbenchmark: Accurate Timing Functions},
    author = {Olaf Mersmann},
    year = {2019},
    note = {R package version 1.4-7},
    url = {https://CRAN.R-project.org/package=microbenchmark}
  }
  
 @book{dooge:1973,
	title = {Linear {Theory} of {Hydrologic} {Systems}},
	language = {en},
	publisher = {Agricultural Research Service, U.S. Department of Agriculture},
	author = {Dooge, James},
	year = {1973}
}

@techreport{ing_fundamentos:2010,
	address = {Mendoza},
	title = {Inventario {Nacional} de {Glaciares} y {Ambiente} {Periglacial}:{Fundamentos} y {Cronograma} de {Ejecución}},
	url = {http://www.glaciaresargentinos.gob.ar/wp-content/uploads/legales/fundamentos_cronograma_ejecucion.pdf},
	language = {Español},
	urldate = {2020-01-09},
	institution = {CONICET},
	author = {IANIGLA-ING},
	year = {2010},
	pages = {87}
}

@techreport{kaser_manual:2003,
	address = {Paris},
	type = {Manual},
	title = {A manual for monitoring the mass balance of mountain glaciers},
	url = {http://ulis2.unesco.org/images/0012/001295/129593E.pdf},
	language = {English},
	number = {59},
	urldate = {2020-01-30},
	institution = {UNESCO},
	author = {Kaser, George and Fountain, Andrew and Jansson, Peter},
	year = {2003},
	note = {0396},
	pages = {137}
}

@article{paul:2020,
	title = {Hydrology modelling {R} packages: a unified analysis of models and practicalities from a user perspective},
	issn = {1027-5606},
	shorttitle = {Hydrology modelling {R} packages},
	url = {https://hess.copernicus.org/preprints/hess-2020-498/},
	doi = {10.5194/hess-2020-498},
	language = {English},
	urldate = {2021-04-25},
	journal = {Hydrology and Earth System Sciences Discussions},
	author = {Astagneau, Paul C. and Thirel, Guillaume and Delaigue, Olivier and Guillaume, Joseph H. A. and Parajka, Juraj and Brauer, Claudia C. and Viglione, Alberto and Buytaert, Wouter and Beven, Keith J.},
	month = oct,
	year = {2020},
	note = {Publisher: Copernicus GmbH},
	pages = {1--48}
}