
@Article{Hagenaars1988,
  author    = {A. Hagenaars and K. De Vos},
  title     = {The definition and measurement of poverty},
  journal={Journal of Human Resources},
    volume  = {23},
    number = {2},
  pages={211-221},
  year={1988},
 url={https://doi.org/10.2307/145776}
}

@Article{Moore2000,
  author    = {J. C. Moore and E. J. Welniak},
  title     = {Income measurement error in surveys: a review},
  journal={Journal of Official Statistics},
  volume={16},
  number={4},
  pages={331-361},
  year={2000},
}



@article{Fos84,
 url = {https://doi.org/10.2307/1913475},
 author = {J. Foster and J. Greer and E. Thorbecke},
 journal = {Econometrica},
 number = {3},
 pages = {761-766},
 title = {A class of decomposable poverty measures},
 volume = {52},
 year = {1984}
}


@misc{Dep05,
  author    = {{Departamento Administrativo Nacional De Estad\'{i}stica}},
  title = {Censo General 2005},
  year = {2005},
  url = {https://www.dane.gov.co/files/censos/libroCenso2005nacional.pdf?&},
  note = {Accessed: 2020-07-18}
}

@misc{Aus11,
  author    = {{Australian Bureau of Statistics}},
  title = {Census household form},
  year = {2011},
  url = {https://unstats.un.org/unsd/demographic/sources/census/quest/AUS2011en.pdf},
  note = {Accessed: 2020-07-18}
}

@BOOK{Fah11,
  title = {Statistik - Der Weg zur Datenanalyse},
  publisher = {Springer},
  year = {2016},
  author = {L. Fahrmeir and R. K\"unstler and I. Pigeot and G. Tutz},
  address = {Berlin},
   url = {https://doi.org/10.1007/978-3-662-50372-0}
}

@article{Ber16,
author = {Y. G. Berger and E. L. Escobar},
title = {Variance estimation of imputed estimators of change for repeated rotating surveys},
journal = {International Statistical Review},
volume = {85},
number = {3},
pages = {421-438},
url = {https://doi.org/10.1111/insr.12197},
year = {2016},
}


@techreport{Ban02,
author = {R. Bandourian and J. McDonald and R. S. Turley},
title = {A comparison of parametric models of income distribution across countries and over time},
institution = {Luxembourg Income Study},
year = {2002},
}


@Inbook{Dag77,
author="Dagum, Camilo",
title="A New Model of Personal Income Distribution: Specification and Estimation",
bookTitle="Modeling Income Distributions and Lorenz Curves",
year="2008",
publisher="Springer New York",
address="New York, NY",
pages="3-25",
url="https://doi.org/10.1007/978-0-387-72796-7_1"
}



@article{Mcd84,
 URL = {https://doi.org/10.2307/1913469},
 author = {J. B. McDonald},
 journal = {Econometrica},
 number = {3},
 pages = {647-663},
 title = {Some generalized functions for the size distribution of income},
 volume = {52},
 year = {1984}
}

@Article{Dut08b,
  title = {actuar: An R Package for Actuarial Science},
  author = {Christophe Dutang and Vincent Goulet and Mathieu Pigeon},
  journal = {Journal of Statistical Software},
  year = {2008},
  volume = {25},
  number = {7},
  pages = {38},
  url = {http://www.jstatsoft.org/v25/i07},
}

@Manual{Dut08a,
  title = {actuar: Actuarial Functions and Heavy Tailed Distributions},
  author = {Vincent Goulet and Christophe Dutang and Mathieu Pigeon and Jeffrey A. Ryan and Robert Gentleman and Ross Ihaka and {R Core Team} and {R Foundation}},
  year = {2020},
  note = {R package version 3.0-0},
  url = {https://CRAN.R-project.org/package=actuar},
}

@Manual{Del15a,
  title = {fitdistrplus: Help to Fit of a Parametric Distribution to Non-Censored or
Censored Data},
  author = {Marie-Laure Delignette-Muller and Christophe Dutang and Aurelie Siberchicot},
  year = {2020},
  note = {R package version 1.1-1},
  url = {https://CRAN.R-project.org/package=fitdistrplus},
}

@Manual{Wal20,
  title = {smicd: Statistical Methods for Interval Censored Data},
  author = {Paul Walter},
  note = {R package version 1.1.1},
  year = {2020},
  url = {https://CRAN.R-project.org/package=smicd},
}

@Article{Del15b,
  title = {{fitdistrplus}: An {R} Package for Fitting Distributions},
  author = {Marie Laure Delignette-Muller and Christophe Dutang},
  journal = {Journal of Statistical Software},
  year = {2015},
  volume = {64},
  number = {4},
  pages = {1--34},
  url = {http://www.jstatsoft.org/v64/i04/},
}

@techreport{Len16,
  author      = {S. Lenau and R. M\"unnich},
  title       = {Estimating income poverty and inequality from income classes},
  institution = {InGRID Integrating Expertise in Inclusive Growth: Case Studies},
  year        = {2016}
}

@Article{Tho03,
author="M. L. Thompson and K.P. Nelson",
title="Linear regression with type {I} interval- and left-censored response data",
journal="Environmental and Ecological Statistics",
year="2003",
volume="10",
number="2",
pages="221-230",
url="https://doi.org/10.1023/A:1023630425376"
}

@article{McC80,
 URL = {http://www.jstor.org/stable/2984952},
 author = {P. McCullagh},
 journal = {Journal of the Royal Statistical Society: Series B},
 number = {2},
 pages = {109-142},
 title = {Regression models for ordinal data},
 volume = {42},
 year = {1980}
}

@article{Tob58,
 URL = {https://doi.org/10.2307/1907382},
 author = {J. Tobin},
 journal = {Econometrica},
 number = {1},
 pages = {24-36},
 title = {Estimation of relationships for limited dependent variables},
 volume = {26},
 year = {1958}
}

@article{Ros75,
 URL = {https://doi.org/10.2307/1913419},
 author = {R. N. Rosett and F. D. Nelson},
 journal = {Econometrica},
 number = {1},
 pages = {141-146},
 title = {Estimation of the two-limit probit regression model},
 volume = {43},
 year = {1975}
}

@Article{Ste83,
 URL = {https://doi.org/10.2307/2297773},
  author       = {M.B. Stewart},
  title        = {On least square estimation when the dependent varaible is grouped},
  journal   = {The Review of Economic Studies},
  year         = {1983},
  volume       = {50},
  number       = {4},
  pages        = {737-753},
}


@Book{Ven02,
  title = {Modern Applied Statistics with S},
  author = {W. N. Venables and B. D. Ripley},
  publisher = {Springer},
  address = {New York},
  year = {2002},
  URL = {https://doi.org/10.1007/978-0-387-21706-2},
}

@Manual{Rip19,
  title = {MASS: Support Functions and Datasets for Venables and Ripley's MASS},
  author = {Brian Ripley},
  year = {2019},
  note = {R package version 7.3-51.5},
  url = {https://CRAN.R-project.org/package=MASS},
}


@article{Cam87,
title = "The impact of grouping coarseness in alternative grouped-data regression models",
journal = "Journal of Econometrics",
volume = "35",
number = "1",
pages = "37-57",
year = "1987",
url = "https://doi.org/10.1016/0304-4076(87)90080-7",
author = "T. A. Cameron"
}

@article{Fry72,
 author = {J. G. Fryer and R. J. Pethybridge},
 journal = {Journal of the Royal Statistical Society: Series C},
 number = {2},
 pages = {142-154},
 title = {Maximum likelihood estimation of a linear regression function with grouped data},
 volume = {21},
 year = {1972},
 url = "https://doi.org/10.2307/2346486",
}



@article{Box64,
 URL = {http://www.jstor.org/stable/2984418},
 author = {G. E. P. Box and D. R. Cox},
 journal = {Journal of the Royal Statistical Society: Series B},
 number = {2},
 pages = {211-252},
 title = {An analysis of transformations},
 volume = {26},
 year = {1964}
}


@BOOK{Agr10,
  title = {Analysis of Ordinal Categorical Data},
  publisher = {Wiley},
  year = {2010},
  author = {A. Agresti},
  address = {New Jersey},
  url = "https://doi.org/10.1002/9780470594001"
}


@Manual{Pin20,
  title = {nlme: Linear and Nonlinear Mixed Effects Models},
  author = {Jos√© Pinheiro and Douglas Bates and {R-core}},
  year = {2020},
  note = {R package version 3.1-148},
  url = {https://CRAN.R-project.org/package=nlme},
}


@Manual{Chr15,
  title = {ordinal: Regression Models for Ordinal Data},
  author = {Rune Haubo Bojesen Christensen},
  year = {2019},
  note = {R package version 2019.12-10},
  url = {https://CRAN.R-project.org/package=ordinal},
}

@article {Gur06,
author = {M. J. Gurka and L. J. Edwards and K. E. Muller and L.L. Kupper},
title = {Extending the {B}ox-{C}ox transformation to the linear mixed model},
journal = {Journal of the Royal Statistical Society: Series A},
volume = {169},
number = {2},
url = {https://doi.org/10.1111/j.1467-985X.2005.00391.x},
pages = {273-288},
year = {2006},
}


@Article{Parzen1962,
  author    = {Parzen, Emanuel},
  title     = {On estimation of a probability density function and mode},
  journal   = {The Annals of Mathematical Statistics},
  year      = {1962},
  volume    = {33},
  number    = {3},
  pages     = {1065-1076},
  url = {https://doi.org/10.1214/aoms/1177704472},
}

@Article{Rosenblatt1956,
  author    = {M. Rosenblatt},
  title     = {Remarks on some nonparametric estimates of a density function},
  journal   = {The Annals of Mathematical Statistics},
  year      = {1956},
  volume    = {27},
  number    = {3},
  pages     = {832-837},
  url = {https://www.jstor.org/stable/2237390},
}

@Article{Jon96,
  author    = {M. C. Jones and J. S. Marron and S. J. Sheather},
  title     = {A brief survey of bandwidth selection for density estimation},
  journal   = {Journal of the American Statistical Association},
  year      = {1996},
  volume    = {91},
  number    = {433},
  pages     = {401-407},
  url = {https://doi.org/10.2307/2291420},
}

@Article{Loa99,
  author    = {C. R. Loader},
  title     = {Bandwidth selection: classical or plug-in?},
  journal={Annals of Statistics},
  volume = {27},
  pages={415-438},
  number = {2},
  year={1999},
 url = {https://doi.org/10.1214/aos/1018031201}
}

@Article{Zam12,
  author  = {A. Z. Zambom and R. Dias},
  title   = {A review of kernel density estimation with applications to econometrics},
  journal = {International Econometric Review},
  year    = {2012},
  volume  = {5},
  number    = {1},
  pages     = {20-42},
   url = {https://EconPapers.repec.org/RePEc:erh:journl:v:5:y:2013:i:1:p:20-42}
}

@Article{Wan13,
  author    = {B. Wang and M. Wertelecki},
  title     = {Density estimation for data with rounding errors},
  journal={Computational Statistics \& Data Analysis},
  volume={65},
  pages={4-12},
  year={2013},
  url = {https://doi.org/10.1016/j.csda.2012.02.016}
}


@Article{Gro17,
  author    = {M. Gro{\ss}  and U. Rendtel and T. Schmid and S. Schmon and N. Tzavidis},
  title     = {Estimating the density of ethnic minorities and aged people in {B}erlin: multivariate kernel density estimation applied to sensitive georeferenced administrative data protected via measurement error},
  journal={Journal of the Royal Statistical Society: Series A},
  volume={180},
  number={1},
  pages={161-183},
  year={2017},
  url = {https://doi.org/10.1111/rssa.12179}
}

@article{Bay63,
author = {T. Bayes}, 
title = {An essay towards solving a problem in the doctrine of chances. {B}y the late {R}ev. {M}r. {B}ayes, {F}. {R}. {S}. communicated by {M}r. {P}rice, in a letter to {J}ohn {C}anton, {A}. {M}. {F}. {R}. {S}.},
volume = {53}, 
pages = {370-418}, 
year = {1763}, 
URL = {https://doi.org/10.1098/rstl.1763.0053}, 
journal = {Philosophical Transactions} 
}

@article{Efr79,
author = {B. Efron},
year = {1979},
pages = {1-26},
title = {Bootstrap methods: another look at the jackknife},
volume = {7},
number = {1},
journal = {The Annals of Statistics},
url = {https://www.jstor.org/stable/2958830}
}

@BOOK{Sha95,
  title = {The Jackknife and Bootstrap},
  publisher = {Springer},
  year = {1995},
  author = {J. Shao and D. Tu},
  address = {New York},
  URL = {https://doi.org/10.1007/978-1-4612-0795-5}, 
}



@misc{Eur18,
  author    = {{eurostat}},
  title = {At-risk-of-poverty rate by poverty threshold},
  year = {2018},
url = {http://appsso.eurostat.ec.europa.eu/nui/submitViewTableAction.do},
  note = {Accessed: 2018-12-30},
}

@misc{Sta14,
  author    = {{Statistisches Bundesamt}},
  title = {Codebook Microsensus 2014},
  year = {2014},
  url = {https://www.forschungsdatenzentrum.de/sites/default/files/mz_2014_suf_dhb.pdf},
  note = {Accessed: 2020-07-18}
}

@misc{Sta16,
  author    = {{Statistisches Bundesamt}},
  title = {Data supply: microcensus},
  year = {2016},
 url = {https://www.forschungsdatenzentrum.de/de/haushalte/mikrozensus},
  note = {Accessed: 2020-07-18}
}


@BOOK{Gol03,
  title = {Multilevel Statistical Models},
  publisher = {Wiley},
  year = {2010},
  author = {H. Goldstein},
  address = {New York},
  URL = {https://doi.org/10.1002/9780470973394}, 
}


@article{Lai83,
author = {M. N. Laird and J. H. Ware},
year = {1983},
pages = {963-74},
title = {Random-effects models for longitudinal data},
volume = {38},
number = {4},
journal = {Biometrics},
URL = {https://doi.org/10.2307/2529876}, 
}

@BOOK{Sea92,
  title = {Variance Components},
  publisher = {Wiley},
  year = {1992},
  author = {S. R. Searle and G. Casella and C. E. McCulloch},
  address = {New York},
}

@BOOK{McC08,
  title = {Generalized, Linear, and Mixed Models},
  publisher = {Wiley},
  year = {2008},
  author = {C. E. McCulloch and S. R. Searle and J. M. Neuhaus},
  address = {New Jersey},
}

@BOOK{Sni11,
  title = {Multilevel Analysis: An Introduction to Basic and Advanced Multilevel Modeling},
  publisher = {Sage},
  year = {2011},
  author = {T. Snijders and R. Bosker},
  address = {London},
}

@ARTICLE{Tho62,
  author = {J. W. A. Thompson},
  title = {The problem of negative estimates of variance components},
  journal = {Annals of Mathematical Statistics},
  year = {1962},
  volume = {33},
  number = {1},
  pages = {273-289},
  URL = {https://doi.org/10.1214/aoms/1177704731},
}


@article{Efr81,
author = "B. Efron and C. Stein",
journal = "The Annals of Statistics",
number = "3",
pages = "586-596",
title = "The jackknife estimate of variance",
url = {https://doi.org/10.1214/aos/1176345462},
volume = "9",
year = "1981"
}

@book{Efr82,
author = {B. Efron},
title = {The Jackknife, the Bootstrap and Other Resampling Plans},
publisher = {Stanford University},
year = {1982},
address = {Philadelphia},
URL = {https://doi.org/10.1137/1.9781611970319},
}

@article{Efr86,
author = "B. Efron and R. Tibshirani",
journal = "Statistical Science",
number = "1",
pages = "54-75",
title = "Bootstrap methods for standard errors, confidence intervals, and other measures of statistical accuracy",
url = {https://doi.org/10.1214/ss/1177013815},
volume = "1",
year = "1986"
}

@BOOK{Efr93,
  title = {An Introduction to the Bootstrap},
  publisher = {Chapman \& Hall},
  year = {1993},
  author = {B. Efron and R.J. Tibshirani},
  address = {New York}
}


@article{Wan06,
title = "Using {SAS} to conduct nonparametric residual bootstrap multilevel modeling with a small number of groups",
journal = "Computer Methods and Programs in Biomedicine",
volume = "82",
number = "2",
pages = "130-143",
year = "2006",
url = {https://doi.org/10.1016/j.cmpb.2006.02.006},
author = "Jichuan Wang and James R. Carpenter and Michael A. Kepler",
}

@article{Tha13,
author = {H. Thai and F. Mentre and N.H.G. Holford and C. Veyrat-Follet and E. Comets},
title = {A comparison of bootstrap approaches for estimating uncertainty of parameters in linear mixed-effects models},
journal = {Pharmaceutical Statistics},
volume = {12},
number = {3},
pages = {129-140},
url = {https://doi.org/10.1002/pst.1561},
year ={2013}
}


@article{Gol93,
 URL = {https://doi.org/10.1080/0305498930190401},
 author = {H. Goldstein and J. Rasbash and M. Yang and G. Woodhouse and H. Pan and D. Nuttall and S. Thomas},
 journal = {Oxford Review of Education},
 number = {4},
 pages = {425-433},
 title = {A multilevel analysis of school examination results},
 volume = {19},
 year = {1993}
}


@Manual{Bat14,
 title = {mlmRev: Examples from Multilevel Modelling Software Review},
  author = {Douglas Bates and Martin Maechler and Ben Bolker},
  year = {2020},
  note = {R package version 1.0-8},
  url = {https://CRAN.R-project.org/package=mlmRev},
}



@article {Nak13,
author = {S. Nakagawa and  H. Schielzeth},
title = {A general and simple method for obtaining {R}$^2$ from generalized linear mixed-effects models},
journal = {Methods in Ecology and Evolution},
volume = {4},
number = {2},
url = {https://doi.org/10.1111/j.2041-210x.2012.00261.x},
pages = {133-142},
year = {2013},
}

@article{Joh14,
author = {P.C.D. Johnson},
title = {Extension of {Nakagawa} \& {Schielzeth's} {R}$^2_{GLMM}$ to random slopes models},
journal = {Methods in Ecology and Evolution},
volume = {5},
number = {9},
pages = {944-946},
year = {2014},
url = {https://doi.org/10.1111/2041-210X.12225},
}


@Manual{Dou20,
  title = {lme4: Linear Mixed-Effects Models using 'Eigen' and S4},
  author = {Douglas Bates and Martin Maechler and Ben Bolker and Steven Walker},
  year = {2020},
  note = {R package version 1.1-23},
  url = {https://CRAN.R-project.org/package=lme4},
}

@Article{Dou15,
  title = {Fitting Linear Mixed-Effects Models Using {lme4}},
  author = {Douglas Bates and Martin M{\"a}chler and Ben Bolker and Steve Walker},
  journal = {Journal of Statistical Software},
  year = {2015},
  volume = {67},
  number = {1},
  pages = {1--48},
  url = {https://doi.org/10.18637/jss.v067.i01},
}

@misc{Eur14,
  author    = {{Eurostat}},
  title = {Statistics explained: at-risk-of-poverty rate},
  year = {2014},
  url = {http://ec.europa.eu/eurostat/statistics-explained/index.php/Glossary:At-risk-of-poverty_rate},
  note = {Accessed: 2020-07-11}
}

@book{Gin12,
  title={Variabilit{\`a} e mutabilit{\`a}: contributo allo studio delle distribuzioni e delle relazioni statistiche},
  author={C. Gini},
  series={Studi economico-giuridici pubblicati per cura della facolt{\`a} di Giurisprudenza della R. Universit{\`a} di Cagliari},
  url={https://books.google.de/books?id=fqjaBPMxB9kC},
  year={1912},
  publisher={Tipogr. di P. Cuppini},
  address={Bologna}
}


@misc{Sta17,
  author    = {{Statistisches Bundesamt}},
  title = {Datenhandbuch zum {M}ikrozensus {S}cientific-{U}se-{F}ile 2012},
  year = {2017},
  howpublished = {\url{http://www.forschungsdatenzentrum.de/bestand/mikrozensus/suf/2012/fdz_mz_suf_2012_schluesselverzeichnis.pdf}},
  note = {Accessed: 2020-07-18}
}

@phdthesis{Wal19,
author = {Walter, Paul},
year = {2019},
title = {A Selection of Statistical Methods for Interval-Censored Data with Applications to the German Microcensus},
url = "https://doi.org/10.17169/refubium-1621",
school = {Freie Universit\"{a}t Berlin}
}

@Manual{Cor20,
  title = {R: A Language and Environment for Statistical Computing},
  author = {{R Core Team}},
  organization = {R Foundation for Statistical Computing},
  address = {Vienna, Austria},
  year = {2020},
  url = {https://www.R-project.org/},
}

@Manual{Ter20,
  title = {survival: Survival Analysis},
  author = {Terry M Therneau},
  year = {2020},
  note = {R package version 3.2-3},
  url = {https://CRAN.R-project.org/package=survival},
}

@Book{Ter00,
  title = {Modeling Survival Data: Extending the {C}ox Model},
  author = {Terry M. Therneau and Patricia M. Grambsch},
  year = {2000},
  publisher = {Springer},
  address = {New York},
}

@Manual{Tem20,
  title = {laeken: Estimation of Indicators on Social Exclusion and Poverty},
  author = {Andreas Alfons and Josef Holzer and Matthias Templ},
  year = {2020},
  note = {R package version 0.5.1},
  url = {https://CRAN.R-project.org/package=laeken},
}

@Article{Tem13,
  title = {Estimation of Social Exclusion Indicators from Complex Surveys: The {R} Package {laeken}},
  author = {Andreas Alfons and Matthias Templ},
  journal = {Journal of Statistical Software},
  year = {2013},
  volume = {54},
  number = {15},
  pages = {1--25},
  url = {http://www.jstatsoft.org/v54/i15/},
}


