
@Manual{Amdahl,
  title = {flexsurvcure: Flexible Parametric Cure Models},
  author = {J. Amdahl},
  year = {2017},
  note = {R package version 0.0.2},
  url = {https://CRAN.R-project.org/package=flexsurvcure},
}

@article{Amico,
  author  = "M. Amico and I. {Van Keilegom}",
  title   = "Cure Models in Survival Analysis",
  journal = "Annual Review of Statistics and Its Application",
  volume  = "5",
  pages   = "311--342",
  year    = "2018",
  url = {https://doi.org/10.1146/annurev-statistics-031017-100101},
}

@Book{Beran,
  author  = "R. Beran",
  title   = "Nonparametric Regression with Randomly Censored Survival Data",
  year    = "1981",
  publisher = {University of California},
  address = {Berkeley},
}

@Manual{Bertrand,
    title = {miCoPTCM: Promotion Time Cure Model with Mis-Measured Covariates},
    author = {A. Bertrand and C. Legrand and I. {Van Keilegom}},
    year = {2020},
    note = {R package version 1.1},
    url = {https://CRAN.R-project.org/package=miCoPTCM},
}

@article{Boag,
  author  = "J. W. Boag",
  title   = "Maximum Likelihood Estimates of the Proportion of Patients Cured by Cancer Therapy",
  journal = "Journal of the Royal Statistical Society B",
  volume  = "11",
  pages   = "15--53",
  year    = "1949",
  url = {https://doi.org/10.1111/j.2517-6161.1949.tb00020.x},
}

@Manual{Brettas,
  title = {intercure: Cure Rate Estimators for Interval Censored Data},
  author = {Julio Brettas},
  year = {2016},
  note = {R package version 0.1.0},
  url = {https://CRAN.R-project.org/package=intercure},
}

@article{Brockmann,
  author  = "M. Brockmann and T. Gasser and E. Herrmann",
  title   = "Locally Adaptive Bandwidth Choice for Kernel Regression Estimators",
  journal = "Journal of the American Statistical Association",
  volume  = "88",
  pages   = "1302--1309",
  year    = "1993",
  url = {https://doi.org/10.2307/2291270},
}

@Manual{Cai1,
  title = {smcure: Fit Semiparametric Mixture Cure Models},
  author = {C. Cai and Y. Zou and Y. Peng and J. Zhang},
  year = {2012},
  note = {R package version 2.0},
  url = {https://CRAN.R-project.org/package=smcure},
}

@Manual{Cai2,
    title = {NPHMC: Sample Size Calculation for the Proportional Hazards Mixture Cure Model},
    author = {C. Cai and S. Wang and W. Lu and J. Zhang},
    year = {2013},
    note = {R package version 2.2},
    url = {https://CRAN.R-project.org/package=NPHMC},
}

@article{Cao,
  author  = "R. Cao and W. Gonz\'alez-Manteiga",
  title   = "Bootstrap Methods in Regression Smoothing",
  journal = "Journal of Nonparametric Statistics",
  volume  = "2",
  pages   = "379--388",
  year    = "1993",
  url = {https://doi.org/10.1080/10485259308832566},
}

@article{Dabrowska,
  author  = "D. Dabrowska",
  title   = "Variable Bandwidth Conditional {K}aplan-{M}eier Estimate",
  journal = "Scandinavian Journal of Statistics",
  volume  = "19",
  pages   = "351--361",
  year    = "1992",
}

@article{Delgado,
  author  = "M. A. Delgado and W. Gonz\'{a}lez-Manteiga",
  title   = "Significance Testing in Nonparametric Regression Based on the Bootstrap",
  journal = "Annals of Statistics",
  volume  = "29",
  pages   = "1469--1507",
  year    = "2001",
  url = {https://doi.org/10.1214/aos/1013203462},
}

@article{Denham,
  author  = "J. W. Denham and E. Denham and K. B. Dear and G. V. Hudson",
  title   = "The Follicular Non-{Hodgkin's} Lymphomas - {I}. The Possibility of Cure",
  journal = "European Journal of Cancer",
  volume  = "32",
  pages   = "470--479",
  year    = "1996",
  url = {https://doi.org/10.1016/0959-8049(95)00607-9},
}

@article{Devergie,
  author  = "A. Devergie and E. Gluckman and F. Varrin and J. L. Huret and J. Meletis and H. De Castro and D. Bombail and E. Vilmer and R. Traineau and M. Boiron",
  title   = "La Greffe de Moelle Osseuse Allog\'{e}nique dans la Leuc\'{e}mie My\'{e}lo{\"i}de Chronique",
  journal = "Nouvelle Revue Fran√ßaise d'H\'{e}matologie",
  volume  = "29",
  pages   = "69--72",
  year    = "1987",
}

@article{Farewell1,
  author  = "V. T. Farewell",
  title   = "The Use of Mixture Models for the Analysis of Survival Data with Long-Term Survivors",
  journal = "Biometrics",
  volume  = "38",
  pages   = "1041--1046",
  year    = "1982",
  url = {https://doi.org/10.2307/2529885},
}

@article{Farewell2,
  author  = "V. T. Farewell",
  title   = "Mixture Models in Survival Analysis: Are They Worth the Risk?",
  journal = "Canadian Journal of Statistics",
  volume  = "14",
  pages   = "257--262",
  year    = "1986",
  url = {https://doi.org/10.2307/3314804},
}

@article{Gannoun,
  author  = "A. Gannoun and J. Saracco and K. Yu",
  title   = "Comparison of Kernel Estimators of Conditional Distribution Function and Quantile Regression under Censoring",
  journal = "Statistical Modelling",
  volume  = "7",
  pages   = "329--344",
  year    = "2007",
  url = {https://doi.org/10.1177/1471082X0700700404},
}

@article{Geerdens,
  author  = "C. Geerdens and E. F. Acar and P. Janssen",
  title   = "Conditional Copula Models for Right-Censored Clustered Event Time Data",
  journal = "Biostatistics",
  volume  = "19",
  pages   = "247--262",
  year    = "2017",
  url = {https://doi.org/10.1093/biostatistics/kxx034},
}

@Manual{Gerds,
  title = {prodlim: Product-Limit Estimation for Censored Event History Analysis},
  author= {Thomas A. Gerds},
  year  = {2018},
  note  = {R package version 2018.04.18},
  url   = {https://CRAN.R-project.org/package=prodlim},
}

@Manual{Han,
  title = {rcure: Robust Cure Models for Survival Analysis},
  author = {X. Han and Y. Zhang and Y. Shao},
  year = {2017},
  note = {R package version 0.1.0},
  url = {https://CRAN.R-project.org/package=rcure},
}

@inproceedings{Iglesias,
  author   = {M. C. Iglesias-P\'erez},
  title    = {Comparaci\'on de Dos Selectores de la Ventana en la Estimaci\'on de la Distribuci\'on Condicional con Censura},
  year     = 2009,
  editor   = {SGAPEIO},
  crossref = {sgapeio2009},
  url      = {http://sidor.uvigo.es/ixsgapeio/resumenes/81_29_paper.pdf},
}

@proceedings{sgapeio2009,
  booktitle    = {Proceedings of the IX Congreso Galego de Estat\'istica e Investigaci\'on de Operaci\'ons},
  organization = {Sociedade Galega para a Promoci\'on da Estat\'istica e Investigaci\'on de Operaci\'ons},
  year={2009}
}

@Book{Kalbfleisch,
  author    = {J. D. Kalbfleisch and R. L. Prentice},
  title     = {The Statistical Analysis of Failure Time Data},
  year      = {2002},
  publisher = {Wiley},
  address   = {New York},
  edition   = {2nd},
  isbn = {978-0-471-36357-6},
}

@article{Kaplan,
  author  = "E. L. Kaplan and P. Meier",
  title   = "Nonparametric Estimation from Incomplete Observations",
  journal = "Journal of the American Statistical Association",
  volume  = "53",
  pages   = "458--481",
  year    = "1958",
  url = {https://doi.org/10.2307/2281868},
}

@Book{Klein,
  author    = {J. P. Klein and M. L. Moeschberger},
  title     = {Survival Analysis: Techniques for Censored and Truncated Data},
  year      = {2005},
  publisher = {Springer-Verlag},
  address   = {New York},
  edition   = {2nd},
  isbn = {978-0-387-21645-4},
}

@Manual{Klein2,
    title = {KMsurv: Data sets from Klein and Moeschberger (1997), Survival Analysis},
    author = {J. P. Klein and M. L. Moeschberger and J. Yan},
    year = {2012},
    note = {R package version 0.1-5},
    url = {https://CRAN.R-project.org/package=KMsurv},
  }

@article{Kuk,
  author  = "A. Y. C. Kuk and C. H. Chen",
  title   = "A Mixture Model Combining Logistic Regression with Proportional Hazards Regression",
  journal = "Biometrika",
  volume  = "79",
  pages   = "531--541",
  year    = "1992",
  url = {https://doi.org/10.1093/biomet/79.3.531},
}

@article{Laska,
  author  = "E. M. Laska and M. J. G. Meisner",
  title   = "Nonparametric Estimation and Testing in a Cure Model.",
  journal = "Biometrics",
  volume  = "48",
  pages   = "1223--1234",
  year    = "1992",
  url = {https://doi.org/10.2307/2532714},
}

@article{Li1,
  author  = "C. Li and J. M. G. Taylor",
  title   = "A Semi-Parametric Accelerated Failure Time Cure Model",
  journal = "Statistics in Medicine",
  volume  = "21",
  pages   = "3235--3247",
  year    = "2002",
  url = {https://doi.org/10.1002/sim.1260},
}

@article{Li2,
  author="G. Li and S. Datta",
  title   = "A Bootstrap Approach to Nonparametric Regression for Right Censored Data",
  journal = "Annals of the Institute of Statistical Mathematics",
  volume  = "53",
  pages   = "708--729",
  year    = "2001",
  url = {https://doi.org/10.1023/A:1014644700806},
}

@article{Lopez1,
  author  = "A. L\'opez-Cheda and R. Cao and M. A. J\'acome and I. {Van Keilegom}",
  title   = "Nonparametric Incidence Estimation and Bootstrap Bandwidth Selection in Mixture Cure Models",
  journal = "Computational Statistics \& Data Analysis",
  volume  = "105",
  pages   = "144--165",
  year    = "2017",
  url = {https://doi.org/10.1016/j.csda.2016.08.002},
}

@article{Lopez2,
  author  = "A. L\'opez-Cheda and M. A. J\'acome and R. Cao",
  title   = "Nonparametric Latency Estimation for Mixture Cure Models",
  journal = "TEST",
  volume = "26",
  pages = "353--376",
  year    = "2017",
  url = {https://doi.org/10.1007/s11749-016-0515-1},
}

@article{Lopez3,
  author  = "A. L\'opez-Cheda and M. A. J\'acome and I. {Van Keilegom} and R. Cao",
  title   = "Nonparametric Covariate Hypothesis Tests for the Cure Rate in Mixture Cure Models",
  journal = "Statistics in Medicine",
  volume = "39",
  pages = "2291--2307",
  year    = "2020",
  url = {https://doi.org/10.1002/sim.8530},
}

@Manual{LopezUllibarri,
    title = {npcure: Nonparametric Estimation in Mixture Cure Models},
    author = {I. {L\'opez-de-Ullibarri} and A. L\'opez-Cheda and M. A. J\'acome},
    year = {2020},
    note = {R package version 0.1-5},
    url = {https://CRAN.R-project.org/package=npcure},
  }

@article{Maller1,
  author  = "R. A. Maller and S. Zhou",
  title   = "Estimating the Proportion of Immunes in a Censored Sample",
  journal = "Biometrika",
  volume  = "79",
  pages   = "731--739",
  year    = "1992",
  url = {https://doi.org/10.1093/biomet/79.4.731},
}

@book{Maller2,
  author  = "R. A. Maller and S. Zhou",
  title   = {Survival Analysis with Long-Term Survivors},
  publisher = "Wiley",
  address = "Chichester, U. K.",
  year    = "1996",
  url = {https://doi.org/10.1002/cbm.318},
}

@article{MeiraMachado1,
  author  = "L. Meira-Machado and M. Sestelo",
  title   = "condSURV: An {R} Package for the Estimation of the Conditional Survival Function for Ordered Multivariate Failure Time Data",
  journal = "The R Journal",
  volume  = "8",
  number  = "2",
  pages   = "460--473",
  year    = "2016",
  url = {https://doi.org/10.32614/RJ-2016-059},
}

@Manual{MeiraMachado2,
  title = {survidm: Inference and Prediction in an Illness-Death Model},
  author = {Luis Meira-Machado and Marta Sestelo and Gustavo Soutinho},
  year = {2019},
  note = {R package version 1.2.0},
  url = {https://CRAN.R-project.org/package=survidm},
}

@article{Muller,
  author  =  "U. U. M{\"u}ller and I. {Van Keilegom}",
  title   =  "Goodness-of-fit Tests for the Cure Rate in a Mixture Cure Model",
  journal =  "Biometrika",
  volume  = "106",
  pages   = "211--227",
  year    = "2019",
  url = {https://doi.org/10.1093/biomet/asy058},
}

@Manual{Niu,
    title = {geecure: Marginal Proportional Hazards Mixture Cure Models with Generalized Estimating Equations},
    author = {Yi Niu and Yingwei Peng},
    year = {2018},
    note = {R package version 1.0-6},
    url = {https://CRAN.R-project.org/package=geecure},
}

@article{Peng1,
  author  = "Y. Peng and K. B. Dear",
  title   = "A Nonparametric Mixture Model for Cure Rate Estimation",
  journal = "Biometrics",
  volume  = "56",
  pages   = "237--243",
  year    = "2000",
  url = {https://doi.org/10.1111/j.0006-341X.2000.00237.x},
}

@article{Peng2,
  author  = "Y. Peng and K. B. Dear and J. W. Denham",
  title   = "A Generalized {F} Mixture Model for Cure Rate Estimation",
  journal = "Statistics in Medicine",
  volume  = "17",
  pages   = "813--830",
  year    = "1998",
  url = {https://doi.org/10.1002/(SICI)1097-0258(19980430)17:8<813::AID-SIM775>3.0.CO;2-\%23},
}

@Manual{Peng3,
    title = {mixcure: Mixture Cure Models},
    author = {Y. Peng},
    year = {2020},
    note = {R package version 2.0},
    url = {https://CRAN.R-project.org/package=mixcure},
  }
  
@article{Racine,
  author  = "J. Racine and Q. Li",
  title   = "Nonparametric Estimation of Regression Functions with both Categorical and Continuous Data",
  journal = "Journal of Econometrics",
  volume  = "119",
  pages   = "99--130",
  year    = "2004",
  url = {https://doi.org/10.1016/S0304-4076(03)00157-X},
}

@article{Xu,
  author  = "J. Xu and Y. Peng",
  title   = "Nonparametric Cure Rate Estimation with Covariates",
  journal = "Canadian Journal of Statistics",
  volume  = "42",
  pages   = "1--17",
  year    = "2014",
  url = {https://doi.org/10.1002/cjs.11197},
}

@article{Zhou,
  author  = "J. Zhou and J. Zhang and W. Lu",
  title   = "Computationally Efficient Estimation for the Generalized Odds Rate Mixture Cure Model with Interval-Censored Data",
  journal = "Journal of Computational and Graphical Statistics",
  volume  = "27",
  pages   = "48--58",
  year    = "2017",
  url = {https://doi.org/10.1080/10618600.2017.1349665},
}


