
@Manual{R,
 title = {R: A Language and Environment for Statistical Computing},
 author = {{R Core Team}},
 organization = {R Foundation for Statistical Computing},
 address = {Vienna, Austria},
 year = {2021},
 url = {https://www.R-project.org/},
}

@article{adolfsson2017cluster,
  title={To cluster, or not to cluster: How to answer the question},
  author={Adolfsson, Andreas and Ackerman, Margareta and Brownstein, Naomi C},
  journal={Proceedings of Knowledge Discovery from Data, Halifax, Nova Scotia, Canada, August 13-17 (TKDD '17)},
  year=2017,
  url={https://maya-ackerman.com/wp-content/uploads/2018/09/clusterability2017.pdf}
}
@article{adolfsson2019cluster,
  title={To Cluster, or Not to Cluster: An analysis of clusterability methods},
  author={Adolfsson, Andreas and Ackerman, Margareta and Brownstein, Naomi C},
  journal={Pattern Recognition},
  volume=88,
  pages={13-26},
  year={2019},
  url={https://doi.org/10.1016/j.patcog.2018.10.026}
}
@Manual{baddeley2021spatstat,
    title = {{spatstat.data}: Datasets for 'spatstat' Family},
    author = {Adrian Baddeley and Rolf Turner and Ege Rubak},
    year = {2021},
    note = {R package version 2.1-0},
    url = {https://CRAN.R-project.org/package=spatstat.data},
  }
  
@inproceedings{banerjee2004validating,
  title={Validating clusters using the {Hopkins} statistic},
  author={Banerjee, Amit and Dave, Rajesh N},
  booktitle={2004 IEEE International conference on fuzzy systems (IEEE Cat. No. 04CH37542)},
  volume={1},
  pages={149--153},
  year={2004},
  url={https://doi.org/10.1109/FUZZY.2004.1375706},
  organization={IEEE}
}

@article{brownstein2019descriptive,
  title={Descriptive statistics and visualization of data from the {R} datasets package with implications for clusterability},
  author={Brownstein, Naomi C and Adolfsson, Andreas and Ackerman, Margareta},
  journal={Data in Brief},
  volume={25},
  pages={104004},
  year={2019},
  publisher={Elsevier},
  url={https://doi.org/10.1016/j.dib.2019.104004}
}

@incollection{cross1982measurement,
  title={Measurement of clustering tendency},
  author={Cross, G R and Jain, A K},
  booktitle={Theory and Application of Digital Control},
  pages={315--320},
  year={1982},
  url={https://doi.org/10.1016/B978-0-08-027618-2.50054-1}
}


@article{diggle1976statistical,
  title={Statistical analysis of spatial point patterns by means of distance methods},
  author={Diggle, Peter J and Besag, Julian and Gleaves, J Timothy},
  journal={Biometrics},
  pages={659--667},
  year={1976},
  url={https://doi.org/10.2307/2529754}
}

@article{dubes1987test,
  title={A test for spatial homogeneity in cluster analysis},
  author={Dubes, Richard C and Zeng, Guangzhou},
  journal={Journal of Classification},
  volume={4},
  number={1},
  pages={33--56},
  year={1987},
  url={https://doi.org/10.1007/BF01890074}
}


@article{li2007comparison,
  title =        {Comparison of point pattern analysis methods for classifying the spatial
  distributions of spruce-fir stands in the north-east {USA}},
  volume =       {80},
  url =          {https://doi.org/10.1093/forestry/cpm010},
  journal =      {Forestry},
  number =       {3},
  author =       {Li, Fasheng and Zhang, Lianjun},
  year =         {2007},
  pages =        {337--349},
  annote={Found toroidal correction satisfactory in 2D because it used all the data without discarding any points.}
}

@PhdThesis{gastner2005spatial,
  author =       {Michael T. Gastner},
  title =        {Spatial distributions: Density-equalizing map projections, facility location, and two-dimensional networks},
  school =       {Univ. Michigan},
  year =         2005,
  url={https://hdl.handle.net/2027.42/125368}
}


@article{hopkins1954new,
  title={A new method for determining the type of distribution of plant individuals},
  author={Hopkins, Brian and Skellam, John Gordon},
  journal={Annals of Botany},
  volume={18},
  number={2},
  pages={213--227},
  year={1954},
  url={https://doi.org/10.1093/oxfordjournals.aob.a083391}
}

@article{jurs1990clustering,
  title={Clustering Tendency Applied to Chemical Feature Selection},
  author={Jurs, Peter C and Lawson, Richard G},
  journal={Drug Information Journal},
  volume={24},
  number={4},
  pages={691--704},
  year={1990},
  url={https://doi.org/10.1177/216847909002400405}
}
@article{lawson1990new,
  title={New index for clustering tendency and its application to chemical problems},
  author={Lawson, Richard G and Jurs, Peter C},
  journal={Journal of Chemical Information and Computer Sciences},
  volume={30},
  number={1},
  pages={36--41},
  year={1990},
  url={https://doi.org/10.1021/ci00065a010},
  publisher={ACS Publications}
}

@Manual{wright2022hopkins,
    title = {{hopkins}: Calculate Hopkins Statistic for Clustering},
    author = {Kevin Wright},
    year = {2022},
    note = {R package version 1.0},
    url = {https://CRAN.R-project.org/package=hopkins},
}

@article{zeng1985comparison,
  title={A comparison of tests for randomness},
  author={Zeng, Guangzhou and Dubes, Richard C},
  journal={Pattern Recognition},
  volume={18},
  number={2},
  pages={191--198},
  year={1985},
  url={https://doi.org/10.1016/0031-3203(85)90043-3},
  annote={Used Hopkins with kth NN and got better performance than k=1 NN.}
}

@article{zeng1985test,
  title={A test for spatial randomness based on {k-NN} distances},
  author={Zeng, Guangzhou and Dubes, Richard C},
  journal={Pattern Recognition Letters},
  volume={3},
  number={2},
  pages={85--91},
  year={1985},
  publisher={Elsevier},
  url={https://doi.org/10.1016/0167-8655(85)90013-3}
}

@article{rotondi1993tests,
  title={Tests of randomness based on the {k-NN} distances for data from a bounded region},
  author={Rotondi, Renata},
  journal={Probability in the Engineering and Informational Sciences},
  volume={7},
  pages={557--569},
  year={1993},
  publisher={Cambridge University Press},
  url={https://doi.org/10.1017/S0269964800003132}
}

@Manual{wong2013pdist,
  title = {{pdist}: Partitioned Distance Function},
  author = {Jeffrey Wong},
  year = {2013},
  note = {R package version 1.2},
  url = {https://CRAN.R-project.org/package=pdist},
}

@Manual{northrop2021donut,
  title = {{donut}: Nearest Neighbour Search with Variables on a Torus},
  author = {Paul J. Northrop},
  year = {2021},
  note = {R package version 1.0.2},
  url = {https://CRAN.R-project.org/package=donut},
}

@article{smith1984testing,
  title={Testing for uniformity in multidimensional data},
  author={Smith, Stephen P and Jain, Anil K},
  journal={{IEEE} transactions on pattern analysis and machine intelligence},
  number={1},
  pages={73--81},
  year={1984},
  url={https://doi.org/10.1109/TPAMI.1984.4767477}
}

@article{yang2017multivariate,
  title =        {Multivariate tests of uniformity},
  volume =       {58},
  url =          {https://doi.org/10.1007/s00362-015-0715-x},
  journal =      {Statistical Papers},
  author =       {Yang, Mengta and Modarres, Reza},
  year =         {2017},
  pages =        {627--639}
}

@article{petrie2013empirical,
  title =        {An empirical study of tests for uniformity in multidimensional data},
  volume =       {64},
  url =          {https://doi.org/10.1016/j.csda.2013.02.013},
  journal =      {Computational Statistics \& Data Analysis},
  author =       {Petrie, Adam and Willemain, Thomas R.},
  year =         {2013},
  pages =        {253--268}
}

@Manual{microsoft2020doparallel,
  title = {{doParallel}: Foreach Parallel Adaptor for the 'parallel' Package},
  author = {{Microsoft Corporation} and Steve Weston},
  year = {2020},
  note = {R package version 1.0.16},
  url = {https://CRAN.R-project.org/package=doParallel},
}

Manual{,
  title = {R: A Language and Environment for Statistical Computing},
  author = {{R Core Team}},
  organization = {R Foundation for Statistical Computing},
  address = {Vienna, Austria},
  year = {2021},
  url = {https://www.R-project.org/},
}

@Manual{yilan2015clustertend,
  title = {{clustertend}: Check the Clustering Tendency},
  author = {Luo YiLan and Zeng RuTong},
  year = {2015},
  note = {R package version 1.4},
  url = {https://CRAN.R-project.org/package=clustertend}
}