@article{Alonso2002,
  title={Mutual interference between predators can give rise to Turing spatial patterns},
  author={Alonso, David and Bartumeus, Frederic and Catalan, Jordi},
  journal={Ecology},
  volume={83},
  number={1},
  pages={28--34},
  year={2002},
  publisher={Wiley Online Library}
}

@Article{amt,
    title = {Animal movement tools (amt): R package for managing
      tracking data and conducting habitat selection analyses},
    author = {Johannes Signer and John Fieberg and Tal Avgar},
    journal = {Ecology and Evolution},
    year = {2019},
    volume = {9},
    pages = {880--890},
    url = {https://doi.org/10.1002/ece3.4823},
  }

@article{Anuta1970,
  title={Spatial registration of multispectral and multitemporal digital imagery using fast Fourier transform techniques},
  author={Anuta, Paul E},
  journal={IEEE transactions on Geoscience Electronics},
  volume={8},
  number={4},
  pages={353--368},
  year={1970},
  publisher={IEEE}
}

@article{Avgar,
  title={Integrated step selection analysis: bridging the gap between resource selection and animal movement},
  author={Avgar, Tal and Potts, Jonathan R and Lewis, Mark A and Boyce, Mark S},
  journal={Methods in Ecology and Evolution},
  volume={7},
  number={5},
  pages={619--630},
  year={2016},
  publisher={Wiley Online Library}
}

@article{Bjornstad2001,
  title={Nonparametric spatial covariance functions: estimation and testing},
  author={Bj{\o}rnstad, Ottar N and Falck, Wilhelm},
  journal={Environmental and Ecological Statistics},
  volume={8},
  number={1},
  pages={53--70},
  year={2001},
  publisher={Springer}
}

@article{Bjornstad2002,
  title={Waves of larch budmoth outbreaks in the European Alps},
  author={Bj{\o}rnstad, Ottar N and Peltonen, Mikko and Liebhold, Andrew M and Baltensweiler, Werner},
  journal={Science},
  volume={298},
  number={5595},
  pages={1020--1023},
  year={2002},
  publisher={American Association for the Advancement of Science}
}

@article{Buderman,
  title={A functional model for characterizing long-distance movement behaviour},
  author={Buderman, Frances E and Hooten, Mevin B and Ivan, Jacob S and Shenk, Tanya M},
  journal={Methods in Ecology and Evolution},
  volume={7},
  number={3},
  pages={264--273},
  year={2016},
  publisher={Wiley Online Library}
}

@Article{deSolve,
    title = {Solving Differential Equations in {R}: Package de{S}olve},
    author = {Karline Soetaert and Thomas Petzoldt and R. Woodrow Setzer},
    journal = {Journal of Statistical Software},
    volume = {33},
    number = {9},
    pages = {1--25},
    year = {2010},
    doi = {10.18637/jss.v033.i09},
    keywords = {ordinary differential equations, partial differential
    equations, differential algebraic equations, initial value problems,
    R, FORTRAN, C},
}

@Article{FFTW2005,
  author = 	 {Frigo, Matteo and Johnson, Steven~G.},
  title = 	 {The Design and Implementation of {FFTW3}},
  journal = 	 {Proceedings of the IEEE},
  year = 	 2005,
  volume =	 93,
  number =	 2,
  pages =	 {216--231},
  note =	 {Special issue on ``Program Generation, Optimization, and Platform Adaptation''}
}

@Manual{fftwtools,
    title = {fftwtools: Wrapper for 'FFTW3' Includes: One-Dimensional, Two-Dimensional,
Three-Dimensional, and Multivariate Transforms},
    author = {Karim Rahim},
    year = {2021},
    note = {R package version 0.9-11},
    url = {https://CRAN.R-project.org/package=fftwtools},
  }

@Manual{ggnewscale,
    title = {ggnewscale: Multiple Fill and Colour Scales in 'ggplot2'},
    author = {Elio Campitelli},
    year = {2021},
    note = {R package version 0.4.5},
    url = {https://CRAN.R-project.org/package=ggnewscale},
  }

@Book{ggplot2,
    author = {Hadley Wickham},
    title = {ggplot2: Elegant Graphics for Data Analysis},
    publisher = {Springer-Verlag New York},
    year = {2016},
    isbn = {978-3-319-24277-4},
    url = {https://ggplot2.tidyverse.org},
  }

@article{Hassell1991,
  title={Spatial structure and chaos in insect population dynamics},
  author={Hassell, Michael P and Comins, Hugh N and Mayt, Robert M},
  journal={Nature},
  volume={353},
  number={6341},
  pages={255--258},
  year={1991},
  publisher={Nature Publishing Group}
}

@article{Hassell1994,
  title={Species coexistence and self-organizing spatial dynamics},
  author={Hassell, Michael P and Comins, Hugh N and May, Robert M},
  journal={Nature},
  volume={370},
  number={6487},
  pages={290--292},
  year={1994},
  publisher={Nature Publishing Group}
}

@article{Hoffman2006,
  title={Current velocity and habitat patchiness shape stream herbivore movement},
  author={Hoffman, Aaron L and Olden, Julian D and Monroe, Jeremy B and LeRoy Poff, N and Wellnitz, Todd and Wiens, John A},
  journal={Oikos},
  volume={115},
  number={2},
  pages={358--368},
  year={2006},
  publisher={Wiley Online Library}
}

@Manual{ICvf,
    title = {ICvectorfields: Vector Fields from Spatial Time Series of Population Abundance},
    author = {Devin Goodsman},
    year = {2021},
    note = {R package version 0.0.2},
    url = {https://CRAN.R-project.org/package=ICvectorfields}
}
  
@Manual{IDE,
    title = {IDE: Integro-Difference Equation Spatio-Temporal Models},
    author = {Andrew Zammit-Mangion},
    year = {2019},
    note = {R package version 0.3.0},
    url = {https://CRAN.R-project.org/package=IDE},
}

@article{Johnson2004,
  title={Landscape geometry and travelling waves in the larch budmoth},
  author={Johnson, Derek M and Bj{\o}rnstad, Ottar N and Liebhold, Andrew M},
  journal={Ecology Letters},
  volume={7},
  number={10},
  pages={967--974},
  year={2004},
  publisher={Wiley Online Library}
}

@book{Johnson2009,
  title={Simply complexity: A clear guide to complexity theory},
  author={Johnson, Neil},
  year={2009},
  publisher={Simon and Schuster}
}

@article{Joo,
  title={Navigating through the r packages for movement},
  author={Joo, Rocio and Boone, Matthew E and Clay, Thomas A and Patrick, Samantha C and Clusella-Trullas, Susana and Basille, Mathieu},
  journal={Journal of Animal Ecology},
  volume={89},
  number={1},
  pages={248--267},
  year={2020},
  publisher={Wiley Online Library}
}

@article{Kolmogorov1937,
  title={{\'E}tude de l'{\'e}quation de la diffusion avec croissance de la quantit{\'e} de mati{\`e}re et son application {\`a} un probl{\`e}me biologique},
  author={Kolmogorov, Andrei N},
  journal={Bull. Univ. Moskow, Ser. Internat., Sec. A},
  volume={1},
  pages={1--25},
  year={1937}
}

@article{Kot1996,
  title={Dispersal data and the spread of invading organisms},
  author={Kot, Mark and Lewis, Mark A and van den Driessche, Pauline},
  journal={Ecology},
  volume={77},
  number={7},
  pages={2027--2042},
  year={1996},
  publisher={Wiley Online Library}
}

@book{Krainski,
  title={Advanced spatial modeling with stochastic partial differential equations using R and INLA},
  author={Krainski, Elias and G{\'o}mez-Rubio, Virgilio and Bakka, Haakon and Lenzi, Amanda and Castro-Camilo, Daniela and Simpson, Daniel and Lindgren, Finn and Rue, H{\aa}vard},
  year={2018},
  publisher={Chapman and Hall/CRC}
}

@Manual{metR,
    title = {metR: Tools for Easier Analysis of Meteorological Fields},
    author = {Elio Campitelli},
    year = {2021},
    note = {R package version 0.9.2},
    url = {https://github.com/eliocamp/metR},
    doi = {10.5281/zenodo.2593516},
  }

@Manual{ncf,
    title = {ncf: Spatial Covariance Functions},
    author = {Ottar N. Bjornstad},
    year = {2020},
    note = {R package version 1.2-9},
    url = {https://CRAN.R-project.org/package=ncf},
  }

@article{Parrish1999,
  title={Complexity, pattern, and evolutionary trade-offs in animal aggregation},
  author={Parrish, Julia K and Edelstein-Keshet, Leah},
  journal={Science},
  volume={284},
  number={5411},
  pages={99--101},
  year={1999},
  publisher={American Association for the Advancement of Science}
}

@Manual{R,
    title = {R: A Language and Environment for Statistical Computing},
    author = {{R Core Team}},
    organization = {R Foundation for Statistical Computing},
    address = {Vienna, Austria},
    year = {2021},
    url = {https://www.R-project.org/},
  }
  
@Article{ReacTran,
    title = {Reactive transport in aquatic ecosystems: Rapid model prototyping in the open source software R},
    author = {Karline Soetaert and Filip Meysman},
    journal = {Environmental Modelling \& Software},
    year = {2012},
    volume = {32},
    pages = {49--60},
  }

@article{Ruan1998,
  title={Turing instability and travelling waves in diffusive plankton models with delayed nutrient recycling},
  author={Ruan, SHIGUI},
  journal={IMA journal of applied mathematics},
  volume={61},
  number={1},
  pages={15--32},
  year={1998},
  publisher={Oxford University Press}
}

@article{Skellam1951,
  title={Random dispersal in theoretical populations},
  author={Skellam, John Gordon},
  journal={Biometrika},
  volume={38},
  number={1/2},
  pages={196--218},
  year={1951},
  publisher={JSTOR}
}

@book{Sutton2009,
  title={Image correlation for shape, motion and deformation measurements: basic concepts, theory and applications},
  author={Sutton, Michael A and Orteu, Jean Jose and Schreier, Hubert},
  year={2009},
  publisher={Springer Science \& Business Media}
}

@Manual{terra,
    title = {terra: Spatial Data Analysis},
    author = {Robert J. Hijmans},
    year = {2021},
    note = {R package version 1.2-10},
    url = {https://CRAN.R-project.org/package=terra},
  }

@article{Urban2008,
  title={A toad more traveled: the heterogeneous invasion dynamics of cane toads in Australia},
  author={Urban, Mark C and Phillips, Ben L and Skelly, David K and Shine, Richard},
  journal={The American Naturalist},
  volume={171},
  number={3},
  pages={E134--E148},
  year={2008},
  publisher={The University of Chicago Press}
}