% put bibtex entries here!
@book{playfair,
  title     = {Playfair's Commercial and Political Atlas and Statistical Breviary},
  author    = {William Playfair and Howard Wainer and Ian Spence},
  year      = {2005},
  publisher = {Cambridge University Press},
  isbn      = {9780521855549}
}

@article{hummel,
  author  = {Jürgen Hummel},
  year    = {1996},
  title   = {Linked Bar Charts: Analysing Categorical Data Graphically},
  journal = {Computational Statistics},
  volume  = {11},
  number  = {1},
  pages   = {23--33}
}

@Article{cleveland,
  author   = {Cleveland, W. S. and McGill, R.},
  title    = {Graphical Perception: Theory, Experimentation and Application to the Development of Graphical Methods},
  journal  = {Journal of the American Statistical Association},
  keywords = {perception},
  number   = {387},
  pages    = {531--554},
  volume   = {79},
  year     = {1984},
  url      = {https://doi.org/10.1080/01621459.1984.10478080}
}

@InProceedings{hartigan,
  author    = {Hartigan, John A. and Kleiner, Beat},
  title     = {Mosaics for Contingency Tables},
  address   = {Fairfax Station, VA},
  booktitle = {Computer Science and Statistics: Proceedings of the 13th
      Symposium on the Interface},
  keywords  = {plot/area},
  pages     = {268--273},
  publisher ={Interface Foundation of North America, Inc.},
  year      = {1981},
  url       = {https://doi.org/10.1007/978-1-4613-9464-8_37}
}
  
@article{kleiner1981,
  Author  = {Kleiner, B. and Hartigan, J. A.},
  Journal = {Journal of the American Statistical Association},
  Number  = {374},
  Pages   = {260--269},
  Title   = {Representing Points in Many Dimensions by Trees and Castles},
  Volume  = {76},
  Year    = {1981},
  url     = {https://doi.org/10.1080/01621459.1981.10477638}
}

@article{hartigan84,
  author  =  {John A. Hartigan and Beat Kleiner},
  title   =   {A Mosaic of Television Ratings},
  year    =    {1984},
  journal = {The American Statistician},
  pages   =   {32--35},
  volume  =  {38},
  url     = {https://doi.org/10.1080/00031305.1984.10482869}
}

@article{friendly:history,
  author  = {Friendly, Michael},
  title   = {A Brief History of the Mosaic Display},
  journal = {Journal of Computational and Graphical Statistics},
  year    = {2002},
  volume  = {11},
  number  = {1},
  pages   = {89--107},
  url     = {https://doi.org/10.1198/106186002317375631}
}

@misc{atlas1870,
  title         = {{Statistical atlas of the United States based on the results of the ninth census, 1870 with contributions from many eminent men of science and several departments of the government}},
  author        = {{United States Census office. 9th census, 1870} and Francis Amasa Walker},
  year          = {1874},
  howpublished  = {digitized version provided through Library of Congress, \url{https://www.loc.gov/item/05019329/}}
}

@Manual{eikosograms,
  title  = {eikosograms: The Picture of Probability},
  author = {Wayne Oldford and Erle Holgersen and Ben Lafreniere and Tianlu Zhu},
  year   = {2018},
  note   = {R package version 0.1.1},
  url    = {https://CRAN.R-project.org/package=eikosograms},
}

@article{emerson,
  author  = {John W Emerson},
  title   = {{Mosaic displays in S-PLUS: A general implementation and a case study}},
  year    = {1998},
  pages   = {17--23},
  journal = {Statistical Computing and Graphics Newsletter},
  number  = {1},
  volume  = {9},
}
  
@Manual{vcd,
  title   = {vcd: Visualizing Categorical Data},
  author  = {David Meyer and Achim Zeileis and Kurt Hornik},
  year    = {2020},
  note    = {R package version 1.4-8},
  url     = {https://CRAN.R-project.org/package=vcd},
}

@Manual{latticeExtra,
  title   = {{latticeExtra: Extra Graphical Utilities Based on Lattice}},
  author  = {Deepayan Sarkar and Felix Andrews},
  year    = {2016},
  note    = {R package version 0.6-28},
  url     = {https://CRAN.R-project.org/package=latticeExtra},
}  

@Manual{lattice,
  title   = {lattice: Trellis Graphics for R},
  author  = {Deepayan Sarkar},
  year    = {2020},
  note    = {R package version 0.20-41},
  url     = {https://CRAN.R-project.org/package=lattice},
}

@Manual{productplots,
  title   = {productplots: Product Plots for R},
  author  = {Hadley Wickham and Heike Hofmann},
  year    = {2016},
  note    = {R package version 0.1.1},
  url     = {https://CRAN.R-project.org/package=productplots},
}

@Manual{ggplot2,
  title   = {ggplot2: Create Elegant Data Visualisations Using the Grammar of Graphics},
  author  = {Hadley Wickham and Winston Chang and Lionel Henry and Thomas Lin Pedersen and Kohske Takahashi and Claus Wilke and Kara Woo and Hiroaki Yutani and Dewey Dunnington},
  year    = {2020},
  note    = {R package version 3.3.3},
  url     = {https://CRAN.R-project.org/package=ggplot2},
}

@Manual{shiny,
    title   = {shiny: Web Application Framework for R},
    author  = {Winston Chang and Joe Cheng and JJ Allaire and Carson Sievert and Barret Schloerke and Yihui Xie and Jeff Allen and Jonathan McPherson and Alan Dipert and Barbara Borges},
    year    = {2021},
    note    = {R package version 1.6.0},
    url     = {https://CRAN.R-project.org/package=shiny},
}

@Book{wilkinson:grammar,
  author    = {Leland Wilkinson},
  title     = {The Grammar of Graphics},
  isbn      = {9781475731002},
  publisher = {Springer New York},
  year      = {1999},
  url       = {https://doi.org/10.1007/978-1-4757-3100-2}
}  

@article{wickham:grammar,
  title     = {A Layered Grammar of Graphics},
  author    = {Hadley Wickham},
  journal   = {Journal of Computational and Graphical Statistics},
  year      = {2010},
  volume    = {19},
  pages     = {3--28},
  url       = {https://doi.org/10.1198/jcgs.2009.07098}
}

@inproceedings{vcdExtra,
  title   = {{Working with categorical data with R and the vcd and vcdExtra packages}},
  author  = {Michael Friendly},
  year    = {2016},
  url     = {https://cran.r-project.org/web/packages/vcdExtra/vignettes/vcd-tutorial.pdf}
}

@misc{fivethirtyeight,
  title   = {41 Percent Of Fliers Think You're Rude If You Recline Your Seat},
  url     = {http://fivethirtyeight.com/datalab/airplane-etiquette-recline-seat/},
  journal = {FiveThirtyEight},
  author  = {Hickey, Walt},
  year    = {2014},
  month   = {Sep}
}

@article{productplots:paper, 
  title   = {Product Plots}, 
  volume  = {17},
  url     = {https://doi.org/10.1109/tvcg.2011.227}, 
  number  = {12}, 
  journal = {IEEE Transactions on Visualization and Computer Graphics}, 
  author  = {Hadley Wickham and Heike Hofmann},
  year    = {2011}, 
  pages   = {2223--2230}
}

@article{theus:99,
  author    = {Martin Theus and Stephan R. W. Lauer},
  title     = {Visualizing Loglinear Models},
  journal   = {Journal of Computational and Graphical Statistics},
  volume    = {8},
  number    = {3},
  pages     = {396--412},
  year      = {1999},
  publisher = {Taylor & Francis},
  url       = {https://doi.org/10.1080/10618600.1999.10474821}
}
  
@article{heike:03,
  author  = {Heike Hofmann},
  title   = {Constructing and Reading Mosaicplots},
  year    = {2003},
  journal = {Computational Statistics and Data Analysis},
  pages   = {565--580},
  volume  = {43},
  number  = {4},
  url     = {https://doi.org/10.1016/S0167-9473(02)00293-1}
}

@book{urbanek,
  author = {Theus, Martin and Urbanek, Simon},
  year = {2009},
  title = {Interactive Graphics for Data Analysis: Principles and Examples},
  isbn={9781420011067},
  series={Chapman \& Hall/CRC Computer Science \& Data Analysis},
  publisher={CRC Press}
}
  url = {https://doi.org/10.1201/b17187}
}

@Manual{plotly,
  title   = {plotly: Create Interactive Web Graphics via 'plotly.js'},
  author  = {Carson Sievert and Chris Parmer and Toby Hocking and Scott Chamberlain and Karthik Ram and Marianne Corvellec and Pedro Despouy},
  year    = {2016},
  note    = {R package version 4.9.3},
  url     = {https://CRAN.R-project.org/package=plotly},
}

@book{carson,
  author = {Carson Sievert},
  title = {Interactive Web-Based Data Visualization with {R}, plotly, and shiny},
  publisher = {Chapman and Hall/CRC},
  year = {2020},
  isbn = {9781138331457},
  url = {https://plotly-r.com},
}

@Manual{ggrepel,
  title   = {ggrepel: Automatically Position Non-Overlapping Text Labels with 'ggplot2'},
  author  = {Kamil Slowikowski},
  year    = {2021},
  note    = {R package version 0.9.1},
  url     = {https://CRAN.R-project.org/package=ggrepel},
}

@article{galesic,
  author    = {Galesic, Mirta and Garcia-Retamero, Rocio and Gigerenzer, Gerd},
  year      = {2009},
  month     = {3},
  pages     = {210--216},
  title     = {Using Icon Arrays to Communicate Medical Risks: Overcoming Low Numeracy},
  volume    = {28},
  number    = {2},
  journal   = {Health psychology},
  url       = {https://doi.org/10.1037/a0014474}
}

@article{ancker,
    author    = {Ancker, Jessica S. and Senathirajah, Yalini and Kukafka, Rita and Starren, Justin B.},
    title     = {Design Features of Graphs in Health Risk Communication: A Systematic Review},
    journal   = {Journal of the American Medical Informatics Association},
    volume    = {13},
    number    = {6},
    pages     = {608--618},
    year      = {2006},
    month     = {11},
    issn      = {1067-5027},
    url       = {https://doi.org/10.1197/jamia.M2115},
}

@book{r4ds, 
  title     = {R for Data Science: Import, Tidy, Transform, Visualize, and Model Data}, 
  author    = {Wickham, Hadley and Grolemund, Garrett}, 
  year      = {2017},
  isbn      = {9781491910337},
  lccn      = {2017300238},
  publisher = {O'Reilly Media}
}

@article{gelman:03,
  author  = {Andrew Gelman},
  title   = {{A Bayesian Formulation of Exploratory Data Analysis and Goodness‐of‐fit Testing}},
  volume  = {71}, 
  url     = {https://doi.org/10.1111/j.1751-5823.2003.tb00203.x}, 
  number  = {2}, 
  journal = {International Statistical Review}, 
  year    = {2003}, 
  pages   = {369--382}
}

@article{wickham:modelvis,
  title   = {Visualizing statistical models: Removing the blindfold},
  author  = {H. Wickham and D. Cook and H. Hofmann},
  journal = {Statistical Analysis and Data Mining},
  year    = {2015},
  volume  = {8},
  pages   = {203--225},
  url     = {https://doi.org/10.1002/SAM.11271}
}

@article{heike:01,
  author    = {Heike Hofmann},
  title     = {Generalized Odds Ratios for Visual Modeling},
  year      = {2001},
  journal   = {Journal of Computational and Graphical Statistics},
  pages     = {628--640},
  volume    = {10},
  number    = {4},
  publisher = {Taylor & Francis},
  url       = {https://doi.org/10.1198/106186001317243368}
}

@book{cat-book-intro,
  title     = {An Introduction to Categorical Data Analysis},
  author    = {Agresti, A.},
  isbn      = {9780470114742},
  lccn      = {2006042138},
  series    = {Wiley Series in Probability and Statistics},
  year      = {2007},
  publisher = {Wiley}
}

@article{unwin:03,
  title   = {Parallel coordinates for exploratory modelling analysis},
  author  = {A. Unwin and C. Volinsky and S. Winkler},
  journal = {Computational Statistics and Data Analysis},
  year    = {2003},
  volume  = {43},
  pages   = {553--564},
  url     = {https://doi.org/10.1016/S0167-9473(02)00292-X}
}

@Manual{yardstick,
  title   = {yardstick: Tidy Characterizations of Model Performance},
  author  = {Max Kuhn and Davis Vaughan and Emil Hvitfeldt},
  year    = {2022},
  note    = {R package version 1.1.0},
  url     = {https://CRAN.R-project.org/package=yardstick}
}


