@Manual{R,
  title = {R: A Language and Environment for Statistical Computing},
  author = {{R Core Team}},
  organization = {R Foundation for Statistical Computing},
  address = {Vienna, Austria},
  year = {2012},
  note = {{ISBN} 3-900051-07-0},
  url = {http://www.R-project.org/},
}

@article{ihaka:1996,
  Author = {Ihaka, Ross and Gentleman, Robert},
	Journal = {Journal of Computational and Graphical Statistics},
	Number = 3,
	Pages = {299--314},
	Title = {R: A Language for Data Analysis and Graphics},
	Volume = 5,
	Year = 1996}
	
@Manual{wickham2020,
  title = {dplyr: A Grammar of Data Manipulation},
  author = {Hadley Wickham and Romain François and Lionel {
           Henry} and Kirill Müller},
  year = {2020},
  note = {R package version 1.0.2},
  url = {https://CRAN.R-project.org/package=dplyr},
}	

@Manual{haven,
  title = {haven: Import and Export 'SPSS', 'Stata' and 'SAS' Files},
  author = {Hadley Wickham and Evan Miller},
  year = {2020},
  note = {R package version 2.3.1},
  url = {https://CRAN.R-project.org/package=haven},
}

@Manual{forceps,
  title = {forceps: A grammar for manipulating clinical trial data},
  author = {Michael J. Kane},
  year = {2020},
  note = {R package version 0.0.1},
  url = {https://github.com/kaneplusplus/forceps},
}

@Manual{sasbdat,
  title = {sas7bdat: SAS Database Reader (experimental)},
  author = {Matt Shotwell},
  year = {2014},
  note = {R package version 0.5},
  url = {https://CRAN.R-project.org/package=sas7bdat},
}

@misc{PDS,
  title = {Project Data Sphere: Convener, collaborator, catalyst in the fight against cancer},
  howpublished = {\url{https://www.projectdatasphere.org/}},
  note = {Accessed: 2020-10-25},
  year = {2020}
}

@misc{Immport,
  title = {Immport: Bioinformatics for the future of immunology},
  howpublished = {\url{https://www.immport.org/home}},
  note = {Accessed: 2020-10-25},
  year = {2020}
}

@misc{sas7bdat,
  title={SAS7BDAT Database Binary Format},
  author={Shotwell, Matthew S and Cummins, Clint and Header, SAS7BDAT and Pages, SAS7BDAT and Subheaders, SAS7BDAT and Data, SAS7BDAT Packed Binary},
  year={2013},
  publisher={Abgerufen am}
}

@Manual{dplyr,
  title = {dplyr: A Grammar of Data Manipulation},
  author = {Hadley Wickham and Romain François and Lionel {
           Henry} and Kirill Müller},
  year = {2020},
  note = {R package version 1.0.2},
  url = {https://CRAN.R-project.org/package=dplyr},
}

@misc{CDISC,
  title = {Clinical Data Interchange Standards Consortium},
  howpublished = {\url{https://www.cdisc.org/}},
  note = {Accessed: 2020-10-25},
  year = {2020}
}

@article{wickham2014,
  title={Tidy data},
  author={Wickham, Hadley and others},
  journal={Journal of Statistical Software},
  volume={59},
  number={10},
  pages={1--23},
  year={2014}
}

@book{sas,
  title={Base SAS 9.4 procedures guide},
  author={{SAS Institute}},
  year={2020},
  publisher={SAS Institute}
}

@Manual{ggconsort,
  title = {ggconsort: Creates CONSORT Diagrams for RCTs},
  author = {Peter Higgins},
  year = {2020},
  note = {R package version 0.0.0.9000},
  url = {https://github.com/higgi13425/ggconsort},
}

@Manual{tidyr,
  title = {tidyr: Tidy Messy Data},
  author = {Hadley Wickham},
  year = {2020},
  note = {R package version 1.1.2},
  url = {https://CRAN.R-project.org/package=tidyr},
}

@Article{lumberjack,
  title = {Monitoring Data in R with the lumberjack package},
  author = {MPJ {van der Loo}},
  year = {2020},
  journal = {Journal of Statistical Software},
  url = {https://CRAN.R-project.org/package=lumberjack},
  pages = {Accepted for publication},
}
