% Encoding: UTF-8

@Article{tsiatis2004joint,
  author    = {Tsiatis, Anastasios A and Davidian, Marie},
  title     = {Joint modeling of longitudinal and time-to-event data: an overview},
  journal   = {Statistica Sinica},
  year      = {2004},
  pages     = {809--834},
  publisher = {JSTOR},
}

@Article{williamson2008joint,
  author    = {Williamson, PR and Kolamunnage-Dona, Ruwanthi and Philipson, Pete and Marson, AG},
  title     = {Joint modelling of longitudinal and competing risks data},
  journal   = {Statistics in medicine},
  year      = {2008},
  volume    = {27},
  number    = {30},
  pages     = {6426--6438},
  publisher = {Wiley Online Library},
}

@Article{elashoff2008joint,
  author    = {Elashoff, Robert M and Li, Gang and Li, Ning},
  title     = {A joint model for longitudinal measurements and survival data in the presence of multiple failure types},
  journal   = {Biometrics},
  year      = {2008},
  volume    = {64},
  number    = {3},
  pages     = {762--771},
  publisher = {Wiley Online Library},
}

@Article{li2010joint,
  author    = {Li, Ning and Elashoff, Robert M and Li, Gang and Saver, Jeffrey},
  title     = {Joint modeling of longitudinal ordinal data and competing risks survival times and analysis of the NINDS rt-PA stroke trial},
  journal   = {Statistics in medicine},
  year      = {2010},
  volume    = {29},
  number    = {5},
  pages     = {546--557},
  publisher = {Wiley Online Library},
}

@Book{rizopoulos2012joint,
  title     = {Joint models for longitudinal and time-to-event data: With applications in R},
  publisher = {Chapman and Hall/CRC},
  year      = {2012},
  author    = {Rizopoulos, Dimitris},
}

@Article{hickey2018comparison,
  author    = {Hickey, Graeme L and Philipson, Pete and Jorgensen, Andrea and Kolamunnage-Dona, Ruwanthi},
  title     = {A comparison of joint models for longitudinal and competing risks data, with application to an epilepsy drug randomized controlled trial},
  journal   = {Journal of the Royal Statistical Society: Series A (Statistics in Society)},
  year      = {2018},
  volume    = {181},
  number    = {4},
  pages     = {1105--1123},
  publisher = {Wiley Online Library},
}

@Article{hickey2018joint,
  author    = {Hickey, Graeme L and Philipson, Pete and Jorgensen, Andrea and Kolamunnage-Dona, Ruwanthi},
  title     = {Joint models of longitudinal and time-to-event data with more than one event time outcome: a review},
  journal   = {The international journal of biostatistics},
  year      = {2018},
  volume    = {14},
  number    = {1},
  publisher = {De Gruyter},
}

@Article{papageorgiou2019overview,
  author    = {Papageorgiou, Grigorios and Mauff, Katya and Tomer, Anirudh and Rizopoulos, Dimitris},
  title     = {An Overview of Joint Modeling of Time-to-Event and Longitudinal Outcomes},
  journal   = {Annual review of statistics and its application},
  year      = {2019},
  volume    = {6},
  pages     = {223--240},
  publisher = {Annual Reviews},
}

@Article{tashkin2006cyclophosphamide,
  author    = {Tashkin, Donald P and Elashoff, Robert and Clements, Philip J and Goldin, Jonathan and Roth, Michael D and Furst, Daniel E and Arriola, Edgar and Silver, Richard and Strange, Charlie and Bolster, Marcy and others},
  title     = {Cyclophosphamide versus placebo in scleroderma lung disease},
  journal   = {New England Journal of Medicine},
  year      = {2006},
  volume    = {354},
  number    = {25},
  pages     = {2655--2666},
  publisher = {Mass Medical Soc},
}

@Article{national1995tissue,
  author    = {NINDS rt-PA Stroke Study},
  title     = {Tissue plasminogen activator for acute ischemic stroke},
  journal   = {New England Journal of Medicine},
  year      = {1995},
  volume    = {333},
  number    = {24},
  pages     = {1581--1588},
  publisher = {Mass Medical Soc},
}

@Article{proust2017estimation,
  author  = {Proust-Lima, C{\'e}cile and Philipps, Viviane and Liquet, Benoit},
  title   = {Estimation of Extended Mixed Models Using Latent Classes and Latent Processes: The R Package lcmm},
  journal = {Journal of Statistical Software},
  year    = {2017},
  volume  = {78},
  number  = {1},
  pages   = {1--56},
}

@Article{proust2014joint,
  author    = {Proust-Lima, C{\'e}cile and S{\'e}ne, Mb{\'e}ry and Taylor, Jeremy MG and Jacqmin-Gadda, H{\'e}l{\`e}ne},
  title     = {Joint latent class models for longitudinal and time-to-event data: A review},
  journal   = {Statistical methods in medical research},
  year      = {2014},
  volume    = {23},
  number    = {1},
  pages     = {74--90},
  publisher = {Sage Publications Sage UK: London, England},
}

@Article{armero2016bayesian,
  author    = {Armero, Carmen and Forn{\'e}, Carles and Ru{\'e}, Montserrat and Forte, Anabel and Perpi{\~n}{\'a}n, H{\`e}ctor and G{\'o}mez, Guadalupe and Bar{\'e}, Marisa},
  title     = {Bayesian joint ordinal and survival modeling for breast cancer risk assessment},
  journal   = {Statistics in medicine},
  year      = {2016},
  volume    = {35},
  number    = {28},
  pages     = {5267--5282},
  publisher = {Wiley Online Library},
}

@PhdThesis{Ferrer2017phd,
  author = {Par Lo√Øc Ferrer},
  title  = {Joint modelling and prediction of several risks of cancer progression from repeated measurements of biomarkers},
  school = {University of Bordeaux},
  year   = {2017},
}

@Article{eddelbuettel2011rcpp,
  author  = {Eddelbuettel, Dirk and Fran{\c{c}}ois, Romain and Allaire, J and Ushey, Kevin and Kou, Qiang and Russel, N and Chambers, John and Bates, D},
  title   = {Rcpp: Seamless R and C++ integration},
  journal = {Journal of Statistical Software},
  year    = {2011},
  volume  = {40},
  number  = {8},
  pages   = {1--18},
}

@Book{galassi2002gnu,
  title     = {GNU scientific library},
  publisher = {Network Theory Limited},
  year      = {2002},
  author    = {Galassi, Mark and Davies, Jim and Theiler, James and Gough, Brian and Jungman, Gerard and Alken, Patrick and Booth, Michael and Rossi, Fabrice and Ulerich, Rhys},
}

@Comment{jabref-meta: databaseType:bibtex;}
