@article{walter2015bad,
  title={Why bad governance leads to repeat civil war},
  author={Walter, Barbara F},
  journal={Journal of Conflict Resolution},
  volume={59},
  number={7},
  pages={1242--1272},
  year={2015},
  publisher={SAGE Publications Sage CA: Los Angeles, CA},
  URL = {https://doi.org/10.1177/0022002714528006}
}

@article{banerjee2004spatial,
  title={Spatial modeling of house prices using normalized distance-weighted sums of stationary processes},
  author={Banerjee, S and Gelfand, AE and Knight, John R and Sirmans, CF},
  journal={Journal of Business \& Economic Statistics},
  volume={22},
  number={2},
  pages={206--213},
  year={2004},
  publisher={Taylor \& Francis},
  URL = {https://doi.org/10.1198/073500104000000091}
}

@article{darmofal2009bayesian,
  title={Bayesian spatial survival models for political event processes},
  author={Darmofal, David},
  journal={American Journal of Political Science},
  volume={53},
  number={1},
  pages={241--257},
  year={2009},
  publisher={Wiley Online Library},
  URL ={https://doi.org/10.1111/j.1540-5907.2008.00368.x}
}

@article{besag1991bayesian,
  title={Bayesian image restoration, with two applications in spatial statistics},
  author={Besag, Julian and York, Jeremy and Molli{\'e}, Annie},
  journal={Annals of the institute of statistical mathematics},
  volume={43},
  number={1},
  pages={1--20},
  year={1991},
  publisher={Springer},
  URL = {https://doi.org/10.1007/BF00116466}
}

@article{banerjee2003frailty,
  title={Frailty modeling for spatially correlated survival data, with application to infant mortality in Minnesota},
  author={Banerjee, Sudipto and Wall, Melanie M and Carlin, Bradley P},
  journal={Biostatistics},
  volume={4},
  number={1},
  pages={123--142},
  year={2003},
  publisher={Oxford University Press},
  URL = {https://doi.org/10.1093/biostatistics/4.1.123}
}

@article{banerjee2004parametric,
  title={Parametric spatial cure rate models for interval-censored time-to-relapse data},
  author={Banerjee, Sudipto and Carlin, Bradley P},
  journal={Biometrics},
  volume={60},
  number={1},
  pages={268--275},
  year={2004},
  publisher={Wiley Online Library},
  URL ={https://doi.org/10.1111/j.0006-341X.2004.00032.x}
}

@article{neal2003slice,
  title={Slice sampling},
  author={Neal, Radford M},
  journal={Annals of statistics},
  pages={705--741},
  year={2003},
  publisher={JSTOR},
  URL={http://dx.doi.org/10.1214/aos/1056562461}
}

@article{beger2017splitting,
  title={Splitting it up: the spduration split-population duration regression package for time-varying covariates},
  author={Beger, Andreas and Hill, Daniel W and Metternich, Nils W and Minhas, Shahryar and Ward, Michael D},
  journal={The R Journal},
  volume={9},
  number={2},
  pages={474--486},
  year={2017},
  URL ={https://doi.org/10.32614/RJ-2017-056}
}

@article{li2002modeling,
  title={Modeling spatial survival data using semiparametric frailty models},
  author={Li, Yi and Ryan, Louise},
  journal={Biometrics},
  volume={58},
  number={2},
  pages={287--297},
  year={2002},
  publisher={Wiley Online Library},
  URL = {https://doi.org/10.1111/j.0006-341X.2002.00287.x}
}

@book{maller1996survival,
  title={Survival analysis with long-term survivors},
  author={Maller, Ross A and Zhou, Xian},
  year={1996},
  publisher={John Wiley \& Sons},
  address={New York}
}

@article{schmidt1989predicting,
  title={Predicting criminal recidivism using ‘split population’survival time models},
  author={Schmidt, Peter and Witte, Ann Dryden},
  journal={Journal of Econometrics},
  volume={40},
  number={1},
  pages={141--159},
  year={1989},
  publisher={Elsevier},
  URL = {https://doi.org/10.1016/0304-4076(89)90034-1}
}

@article{peng2011mixture,
  title={Mixture cure model with random effects for the analysis of a multi-center tonsil cancer study},
  author={Peng, Yingwei and Taylor, Jeremy MG},
  journal={Statistics in medicine},
  volume={30},
  number={3},
  pages={211--223},
  year={2011},
  publisher={Wiley Online Library},
  URL ={ https://doi.org/10.1002/sim.4098}
}

@article{peng2014cure,
  title={Cure models},
  author={Peng, Yingwei and Taylor, Jeremy MG},
  journal={Handbook of survival analysis},
  pages={113--134},
  year={2014},
  publisher={Chapman \& Hall Boca Raton, FL},
  URL = {https://doi.org/10.1201/b16248-8}
}

@article{wang2005gene,
  title={Gene-expression profiles to predict distant metastasis of lymph-node-negative primary breast cancer},
  author={Wang, Yixin and Klijn, Jan GM and Zhang, Yi and Sieuwerts, Anieta M and Look, Maxime P and Yang, Fei and Talantov, Dmitri and Timmermans, Mieke and Meijer-van Gelder, Marion E and Yu, Jack and others},
  journal={The Lancet},
  volume={365},
  number={9460},
  pages={671--679},
  year={2005},
  publisher={Elsevier},
  URL = {https://doi.org/10.1016/S0140-6736(05)17947-1}
}

@article{taylor2017spatsurv,
  title={spatsurv: an R package for Bayesian inference with spatial survival models},
  author={Taylor, Benjamin and Rowlingson, Barry},
  journal={Journal of Statistical Software},
  volume={77},
  number={4},
  pages={1--32},
  year={2017},
  URL ={https://doi.org/10.18637/jss.v077.i04}
}

@article{henderson2002modeling,
  title={Modeling spatial variation in leukemia survival data},
  author={Henderson, Robin and Shimakura, Silvia and Gorst, David},
  journal={Journal of the American Statistical Association},
  volume={97},
  number={460},
  pages={965--972},
  year={2002},
  publisher={Taylor \& Francis},
  URL = {https://doi.org/10.1198/016214502388618753}
}

@article{yin2005cure,
  title={Cure rate models: a unified approach},
  author={Yin, Guosheng and Ibrahim, Joseph G},
  journal={Canadian Journal of Statistics},
  volume={33},
  number={4},
  pages={559--570},
  year={2005},
  publisher={Wiley Online Library},
  URL={http://dx.doi.org/10.1002/cjs.5550330407}
}

@article{patilea2020general,
  title={A general approach for cure models in survival analysis},
  author={Patilea, Valentin and Van Keilegom, Ingrid},
  journal={Annals of Statistics},
  volume={48},
  number={4},
  pages={2323--2346},
  year={2020},
  publisher={Institute of Mathematical Statistics},
  URL = {https://doi.org/10.1214/19-AOS1889}
}

@article{diva2008parametric,
  title={Parametric models for spatially correlated survival data for individuals with multiple cancers},
  author={Diva, Ulysses and Dey, Dipak K and Banerjee, Sudipto},
  journal={Statistics in medicine},
  volume={27},
  number={12},
  pages={2127--2144},
  year={2008},
  publisher={Wiley Online Library},
  URL = {https://doi.org/10.1002/sim.3141}
}

@article{thomas2004geobugs,
  title={GeoBUGS version 1.2 user manual},
  author={Thomas, A and Best, N and Lunn, D and Arnold, D and Spiegelhalter, D},
  journal={MRC Biostatistics Unit},
  year={2004},
  URL ={https://www.mrc-bsu.cam.ac.uk/wp-content/uploads/geobugs12manual.pdf},
}

@article{bernardinelli1995bayesian,
  title={Bayesian analysis of space—time variation in disease risk},
  author={Bernardinelli, Luisa and Clayton, D and Pascutto, Cristiana and Montomoli, Chiara and Ghislandi, Mauro and Songini, Marco},
  journal={Statistics in medicine},
  volume={14},
  number={21-22},
  pages={2433--2443},
  year={1995},
  publisher={Wiley Online Library},
  URL={http://dx.doi.org/10.1002/sim.4780142112}
}

@incollection{geweke1992,
	title={Evaluating the Accuracy of Sampling-based Approaches to the Calculation of Posterior Moments },
	author={Geweke, John F.},
	booktitle={Bayesian Statistics},
	editor={Bernardo, J.M. and Berger, J.O. and Dawid, A.P. and Smith, A.F.M.},
	year={1992},
	publisher={Oxford: Clarendon Press},
	URL ={https://doi.org/10.21034/sr.148}
}

@article{heidelberger1983,
	title={Simulation run length control in the presence of an initial transient},
	author={Heidelberger, Philip and Peter D. Welch},
	journal={Operations Research},
	year={1983},
	volume={3},
	number={6},
	pages={ 1109-1144},
	URL ={https://doi.org/10.1287/opre.31.6.1109}
}

@Manual{survival-package,
  title = {A Package for Survival Analysis in R},
  author = {Terry M Therneau},
  year = {2020},
  note = {R package version 3.1-12},
  url = {https://CRAN.R-project.org/package=survival},
}

@Manual{coda-manual,
  title = {coda: Output Analysis and Diagnostics for MCMC},
  author = {Martyn Plummer and Nicky Best and Kate Cowles and Karen Vines and Deepayan Sarkar and Douglas Bates and Russell Almond and Arni Magnusson},
  year = {2020},
  note = {R package version 0.19-4},
  url = {https://CRAN.R-project.org/package=coda},
}

@Manual{countrycode-package,
  title = {countrycode: Convert Country Names and Country Codes},
  author = {Vincent Arel-Bundock},
  year = {2020},
  note = {R package version 1.2.0},
  url = {https://CRAN.R-project.org/package=countrycode},
}

@Manual{rworldmap-package,
  title = {rworldmap: Mapping Global Data},
  author = {Andy South},
  year = {2016},
  note = {R package version 1.3-6},
  url = {https://CRAN.R-project.org/package=rworldmap},
}

@Manual{smcure-package,
  title = {smcure: Fit Semiparametric Mixture Cure Models},
  author = {Chao Cai and Yubo Zou and Yingwei Peng and Jiajia Zhang},
  year = {2012},
  note = {R package version 2.0},
  url = {https://CRAN.R-project.org/package=smcure},
}

@Manual{nltm,
  title = {nltm: Non-Linear Transformation Models},
  author = {Gilda Garibotti and Alexander Tsodikov and Mark Clements},
  year = {2019},
  note = {R package version 1.4.2},
  url = {https://CRAN.R-project.org/package=nltm},
}

@Manual{spduration-pkg,
  title = {spduration: Split-Population Duration (Cure) Regression},
  author = {Andreas Beger and Daina Chiba and Daniel W. {Hill, Jr.} and Nils W. Metternich and Shahryar Minhas and Michael D. Ward},
  year = {2018},
  note = {R package version 0.17.1},
  url = {https://CRAN.R-project.org/package=spduration},
}

@Manual{dynsurv,
  title = {dynsurv: Dynamic Models for Survival Data},
  author = {Wenjie Wang and Ming-Hui Chen and Xiaojing Wang and Jun Yan},
  year = {2020},
  note = {R package version 0.4-2},
  url = {https://CRAN.R-project.org/package=dynsurv},
}

@Manual{flexsurvcure,
  title = {flexsurvcure: Flexible Parametric Cure Models},
  author = {Jordan Amdahl},
  year = {2020},
  note = {R package version 1.2.0},
  url = {https://CRAN.R-project.org/package=flexsurvcure},
}

@Manual{BayesX,
  title = {BayesX: R Utilities Accompanying the Software Package BayesX},
  author = {Nikolaus Umlauf and Thomas Kneib and Nadja Klein},
  year = {2019},
  note = {R package version 0.3-1},
  url = {https://CRAN.R-project.org/package=BayesX},
}

@Article{spBayesSurv-article,
  title = {{spBayesSurv}: Fitting {B}ayesian Spatial Survival Models Using {R}},
  author = {Haiming Zhou and Timothy Hanson and Jiajia Zhang},
  journal = {Journal of Statistical Software},
  year = {2020},
  volume = {92},
  number = {9},
  pages = {1--33},
  URL={http://dx.doi.org/10.18637/jss.v092.i09}
}

@Manual{spBayesSurv-pkg,
  title = {spBayesSurv: Bayesian Modeling and Analysis of Spatially Correlated Survival
Data},
  author = {Haiming Zhou and Timothy Hanson},
  year = {2020},
  note = {R package version 1.1.4},
  url = {https://CRAN.R-project.org/package=spBayesSurv},
}

@Manual{R2BayesX-pkg,
  title = {BayesX: Software for {B}ayesian Inference in Structured Additive Regression Models},
  author = {Christiane Belitz and Andreas Brezger and Thomas Kneib and Stefan Lang and Nikolaus Umlauf},
  year = {2017},
  note = {Version 1.1},
  url = {http://www.BayesX.org/},
}

@Manual{Rcpp-pkg,
  title = {Rcpp: Seamless R and C++ Integration},
  author = {Dirk Eddelbuettel and Romain Francois and JJ Allaire and Kevin Ushey and Qiang Kou and Nathan Russell and Douglas Bates and John Chambers},
  year = {2020},
  note = {R package version 1.0.5},
  url = {https://CRAN.R-project.org/package=Rcpp},
}

@Manual{spatsurv-pkg,
  title = {spatsurv: Bayesian Spatial Survival Analysis with Parametric Proportional
Hazards Models},
  author = {Benjamin M. Taylor and Barry S. Rowlingson},
  year = {2020},
  note = {R package version 1.5},
  url = {https://CRAN.R-project.org/package=spatsurv},
}

@article{ray2014using,
  title={Using cure models for analyzing the influence of pathogens on salmon survival},
  author={Ray, R Adam and Perry, Russell W and Som, Nicholas A and Bartholomew, Jerri L},
  journal={Transactions of the American Fisheries Society},
  volume={143},
  number={2},
  pages={387--398},
  year={2014},
  publisher={Taylor \& Francis},
  URL= {https://doi.org/10.1080/00028487.2013.862183}
}

@article{lu2010,
	title={Efficient Estimation for an Accelerated Failure Time Model with a Cure Fraction},
	author={Lu, Wenbin},
	journal={Statistica Sinica},
	year={2010},
		volume={20},
	number={2},
	pages={661-674}
}

@Book{carlin2000,
	author = {Carlin, Bradley P. and Louis, Thomas A.},
	title = {Bayes and Empirical Bayes Methods for Data Analysis, 2nd Edition},
	year = {2000},
	publisher ={New York: Chapman and Hall/CRC},
}

@book{cliff1981spatial,
  title={Spatial processes: models \& applications},
  author={Cliff, Andrew David and Ord, J Keith},
  year={1981},
  publisher={Taylor \& Francis}
}

@Manual{ape,
  title = {ape: Analyses of Phylogenetics and Evolution},
  author = {Emmanuel Paradis and Simon Blomberg and Ben Bolker and Joseph Brown and Santiago Claramunt and Julien Claude and Hoa Sien Cuong and Richard Desper and Gilles Didier and Benoit Durand and Julien Dutheil and RJ Ewing and Olivier Gascuel and Thomas Guillerme and Christoph Heibl and Anthony Ives and Bradley Jones and Franz Krah and Daniel Lawson and Vincent Lefort and Pierre Legendre and Jim Lemon and Guillaume Louvel and Eric Marcon and Rosemary McCloskey and Johan Nylander and Rainer Opgen-Rhein and Andrei-Alin Popescu and Manuela Royer-Carenzi and Klaus Schliep and Korbinian Strimmer and Damien {de Vienne}},
  year = {2020},
  note = {R package version 5.4-1},
  url = {https://CRAN.R-project.org/package=ape},
}

@article{moran1950notes,
  title={Notes on continuous stochastic phenomena},
  author={Moran, Patrick AP},
  journal={Biometrika},
  volume={37},
  number={1/2},
  pages={17--23},
  year={1950},
  publisher={Oxford University Press},
  URL={http://dx.doi.org/10.1093/biomet/37.1-2.17}
}

@article{bernardinelli1992,
	title={Empirical Bayes Versus Fully Bayesian Analysis of Geographical Variation in Disease Risk},
	author={Bernardinelli, Louisa and Montomoli, Cristina},
	journal={Statistics in Medicine},
	year={1992},
	volume={11},
	number={8},
	pages={983-1007},
	URL={http://dx.doi.org/10.1002/sim.4780110802}
}

@article{ibrahim2001bayesian,
  title={Bayesian semiparametric models for survival data with a cure fraction},
  author={Ibrahim, Joseph G and Chen, Ming-Hui and Sinha, Debajyoti},
  journal={Biometrics},
  volume={57},
  number={2},
  pages={383--388},
  year={2001},
  publisher={Wiley Online Library},
  URL={http://dx.doi.org/10.1111/j.0006-341X.2001.00383.x}
}

@unpublished{Bolte2021,
 author = {Bolte, Brandon and Huynh, Nguyen and Mukherjee, Bumba and Béjar, Sergio and Schmidt, Nicolás},
 title = {Bayesian Split-Population Survival Models for the Social Sciences (Version 2)},
 year = {2021},
  note = {Available at SSRN},
 url = {https://papers.ssrn.com/sol3/papers.cfm?abstract_id=3765112}

}

@Manual{BayesSPsurv,
  title = {BayesSPsurv: Bayesian Spatial Split Population Survival Model},
  author = {Brandon Bolte and Nicolas Schmidt and Sergio Bejar and Bumba Mukherjee and Minnie M. Joo and Nguyen K. Huynh},
  year = {2021},
  note = {R package version 0.1.3},
  url = {https://CRAN.R-project.org/package=BayesSPsurv}
}



@inproceedings{box1999modeling,
  title={Modeling heterogeneity in duration models},
  author={Box-Steffensmeier, Janet M and Zorn, Christopher},
  booktitle={Summer Meeting of the Political Methodology Society, July15-17},
  year={1999}
}

@Book{boxsteffbook,
  title = {Event History Analysis},
  author = {Box-Steffensmeier, Janet M. and Jones, Bradford S.},
  year = {2004},
  publisher = {Cambridge University Press},
  address = {New York}
}


@article{gelman,
  title={Inference from Iterative Simulation Using Multiple Sequences},
  author={Gelman, Andrew and Rubin, Donald B.},
  journal={Statistical Science},
  volume={7},
  number={4},
  pages={457--511},
  year={1992}
}

@article{yin,
  title={Bayesian cure rate frailty models with application to a root canal therapy study},
  author={Yin, Guosheng},
  journal={Biometrics},
  volume={61},
  number={2},
  pages={552--558},
  year={2005}
}

@Manual{doparallel,
  title = {doParallel: Foreach Parallel Adaptor for the 'parallel' Package},
  author = {Wallig, Michelle and {Microsoft Corporation} and Weston, Steve and Tenenbaum, Dan},
  year = {2020},
  note = {R package version 1.0.16},
  url = {https://cran.r-project.org/web/packages/doParallel/index.html}
}

@Manual{dorng,
  title = {doRNG: Generic Reproducible Parallel Backend for 'foreach' Loops},
  author = {Gaujoux, Renaud},
  year = {2020},
  note = {R package version 1.8.2},
  url = {https://cran.r-project.org/web/packages/doRNG/index.html}
}