@Article{BeniniSperlich2021,
	author       = {Benini, G and Sperlich, S},
	title = {Modeling Heterogeneous Treatment Effects in the Presence of Endogeneity},
	journal  = {Econometric Reviews},
	volume = {forthcoming},
	year = {2021},
}

@Article{MammenSperlich2021,
	author       = {Mammen, E and Sperlich, S},
	title = {Backfitting Tests in Generalised Structured Models},
	journal  = {Biometrika},
	year = {2021},
url = {https://doi.org/10.1093/biomet/asaa108}, 
}

@Article{JeonPark2020,
	author       = {Jeon, M J and Park, B U},
	year = {2020}, 
 	title = {Additive regression with Hilbertian responses},
    journal  = {Annals of Statistics}, 
 	volume = {48}, 
 	number = 5,
 	pages = {2671--2697},
url = {https://doi.org/10.1214/19-AOS1902}, 
}

@Article{CadarsoEtal2006,
	author       = {Cadarso-Su\'{a}rez, C and Roca-Pardi\~{n}as, J and Figueiras, A}, 
    year = {2006},
 	title = {Effect measures in non-parametric regression with interactions between continuous exposures}, 
    journal  = {Statistics in Medicine}, 
 	volume = {25}, 
 	number = 4,
 	pages = {603--621},
 	url = {https://doi.org/10.1002/sim.2356}, 
}

@inproceedings{LintonETAL2003,
	author       = {Linton, Oliver and Carroll, R J and Lin, X and Mammen, E},
	editor       = {Lin, D Y and Heagerty, P J},
	title        = {Correlation in marginal longitudinal nonparametric regression},
	date         = {2003},
	booksubtitle = {Lecture notes in statistics},
	booktit = {Proceedings of the Second Seattle Symposium on Biostatistics},
	publisher    = {Springer-Verlag},
	location     = {Berlin},
	pages        = {23--33},
}

@Article{XiaoEtal2003,
	author       = {Xiao, Z and Linton, O and Carroll, R J and Mammen, E},
 	title = {More Efficient Local Polynomial Estimation in Nonparametric Regression with
Autocorrelated Errors} ,
    journal  = {Journal of the American Statistical Association},
    year = {2003},
 	volume = {98}, 
 	pages = {890--992},
 	 	url = {https://doi.org/10.1198/016214503000000936}, 
 }

@Manual{R20,
	title = {R: A Language and Environment for Statistical Computing},
	author = {{R Core Team}},
	organization = {R Foundation for Statistical Computing},
	address = {Vienna, Austria},
	year = {2016},
	note = {{ISBN} 3-900051-07-0},
	url = {https://www.R-project.org/},
}

 @Article{ST2015,
 	title = {Modeling Heterogeneity: A Praise for Varying-coefficient Models in Causal Analysis},
 	author = {Sperlich, S and Theler, R},
 	journal = {Computational Statistics},
 	year = {2015},
 	volume = {30},
 	pages = {693--718},
 	 	url = {https://doi.org/10.1007/s00180-015-0581-y}, 
 }

 @Article{HR2008,
	title = {Nonparametric econometrics: The np package},
	author = {Hayfield, T and Racine, JS},
	journal = {Journal of Statistical Software},
	year = {2008},
	volume = {27},
	number = {5},
 	 	url = {https://doi.org/10.18637/jss.v027.i05}, 
}

@article{LR2010,
	author = {Li, Q and Racine, JS},
	title = {Smooth varying-coefficient estimation and inference for qualitative and quantitative data},
	journal = {Econometric Theory},
	year = {2010},
	volume = {26},
	pages = {1607--1637},
 	 	url = {www.jstor.org/stable/40930669}, 
number =6,
}

@article{BHZ2006,
  author = {Berzel, A and Heller, GZ and Zucchini, W},
  title = {Estimating the number of visits to the doctor},
  journal = {Australian \& New Zealand Journal of Statistics},
  year = {2006},
  volume = {48},
  pages = {213--224},
 	 	url = {https://doi.org/10.1111/j.1467-842X.2006.00435.x}, 
number =2,
}

@article{BT2008,
  author = {Binder, H and Tutz, G},
  title = {A comparison of methods for the fitting of generalized additive models},
  journal = {Statistics and Computing},
  year = {2008},
  volume = {18},
  pages = {87--99},
 	 	url = {https://doi.org/10.1007/s11222-007-9040-0}, 
}

@article{BKL2005,
  author = {Brezger, A and Kneib, T and Lang, S},
  title = {BayesX: Analysing Bayesian structured additive regression models},
  journal = {Journal of Statistical Software},
  year = {2005},
  volume = {14},
  number= {11},
 	 	url = {https://doi.org/10.18637/jss.v014.i11}, 
}
  
@article{FKL2004,
  author = {Fahrmeier, L and Kneib, T and Lang, S},
  title = {Penalized structured additive regression for space-time data: a Bayesian perspective},
  journal = {Statistica Sinica},
  year = {2004},
  volume = {14},
  pages = {731--761},
 	 	url = {www.jstor.org/stable/24307414}, 
number =3,
}

@BOOK{HT1990,
  title = {Generalized Additive Models},
  publisher = {Chapman and Hall},
  year = {1990},
  author = {Hastie, TJ and Tibshirani, RJ},
  address = {London, New York}
}

@BOOK{W2017,
	author = {Wood, SN},
	title = {Generalized Additive Models: An Introduction with R},
  publisher = {Chapman and Hall / CRC Press},
	year = {2017},
  address = {New York}
}

@article{KBBL2008,
  author = {Kneib, T and Belitz, C and Brezger, A and Lang, S},
  title = {BayesX - Bayesian inference in structured additive regression Software},
  journal = {ISBA Bulletin},
  year = {2008},
  volume = {15},
  pages = {11--13},
 	 	url = {https://bayesian.org/wp-content/uploads/2016/09/0803.pdf}, 
number =1,
}

@article{LSVK2008,
author = {Linton, Oliver and Sperlich, Stefan and Van Keilegom, Ingrid}, 
journal = {The Annals of Statistics}, 
number = {2}, 
pages = {686--718}, 
title = {Estimation of a semiparametric transformation model}, 
volume = {36}, 
year = 2008,
 	 	url = {https://doi.org/10.1214/009053607000000848}, 
}

@article{MLN1999,
  author = {Mammen, E and Linton, O and Nielsen, J},
  title = {The existence and asymptotic properties of a backfitting projection algorithm under weak conditions},
  journal = {The Annals of Statistics},
  year = {1999},
  volume = {27},
  pages = {1443--1490},
 	 	url = {https://doi.org/10.1214/aos/1017939138}, 
number =5,
}

@article{MN2003,
  author = {Mammen, E. and Nielsen, JP},
  title = {Generalised structured models},
  journal = {Biometrika},
  year = {2003},
  volume = {90},
  pages = {551--566},
 	 	url = {https://doi.org/10.1093/biomet/90.3.551}, 
number =3,
}

@article{MP2005,
  author = {Mammen, E and Park, BU},
  title = {Bandwidth selection for smooth backfitting in additive models},
  journal = {The Annals of Statistics},
  year = {2005},
  volume = {33},
  pages = {1260--1294},
 	 	url = {https://doi.org/10.1214/009053605000000101}, 
number =3,
}
 
@article{MP2006,
  author = {Mammen, E and Park, BU},
  title = {A simple smooth backfitting method for additive models},
  journal = {The Annals of Statistics},
  year = {2006},
  volume = {34},
  pages = {2252--2271},
 	 	url = {https://doi.org/10.1214/009053606000000696}, 
number =5,
}

@BOOK{MN1989,
  title = {Generalized linear models},
  publisher = {Chapman and Hall},
  year = {1989},
  author = {McCullagh, P and Nelder, JA},
  address = {London, New York}
}

@article{NS2005,
  author = {Nielsen, JP and Sperlich, S},
  title = {Smooth backfitting in practice},
  journal = {Journal of the Royal Statistical Society, B},
  year = {2005},
  volume = {67},
  pages = {43--61},
 	 	url = {https://doi.org/10.1111/j.1467-9868.2005.00487.x}, 
number =1,
}

@article{LN1995,
	  author = {Linton, O and Nielsen, JP},
 title = {A kernel method of estimating structured nonparametric regression based on marginal integration},
 journal = {Biometrika},
 year = {1995},
 volume = {82},
 pages = {93--100},
 	 	url = {https://www.jstor.org/stable/2337630}, 
number =1,
} 


@article{O2000,
  author = {Opsomer, JD},
  title = {Asymptotic properties of backfitting estimators},
  journal = {Journal of Multivariate Analysis},
  year = {2000},
  volume = {73},
  pages = {166--179},
 	 	url = {https://doi.org/10.1006/jmva.1999.1868}, 
number =2,
}

@article{OR1997,
  author = {Opsomer, JD and Ruppert, D},
  title = {Fitting a bivariate additive model by local polynomial regression},
  journal = {The Annals of Statistics},
  year = {1997},
  volume = {25},
  pages = {186--211},
 	 	url = {https://doi.org/10.1214/aos/1034276626}, 
number =1,
}

@article{RS2010,
  author = {Roca--Pardi\~{n}as, J and Sperlich, S},
  title = {Feasible Estimation in Generalized Structured Models},
  journal = {Statistics and Computing},
  year = {2010},
  volume = {20},
  pages = {367--379},
 	 	url = {https://doi.org/10.1007/s11222-009-9130-2}, 
}

@article{RS2008,
	author = {Roca-Pardi\~{n}as, J and Sperlich, S},
	title = {Estimating Generalized Structured Models - A Computational Note},
	journal = {Discussion Paper},
	year = {2008},
}

@article{RSV2003,
  author = {Rodr\'{\i}guez-Po\'o{}, JM and Sperlich, S and Vieu, P},
  title = {Semiparametric Estimation of Weak and Strong Separable Models},
  journal = {Econometric Theory},
  year = {2003},
  volume = {19},
  pages = {1008--1039},
 	 	url = {https://doi.org/10.1017/S0266466603196065}, 
number =6,
}

@article{STY2002,
  author = {Sperlich, S and Tj\o{}stheim, D and Yang, L},
  title = {Nonparametric Estimation and Testing of Interaction in Additive Models},
  journal = {Econometric Theory},
  year = {2002},
  volume = {18},
  pages = {197--251},
 	 	url = {https://doi.org/doi:10.1017/S0266466602182016}, 
number =2,
}

@article{SR2007,
  author = {Stasinopoulos, DM and Rigby, RA},
  title = {Generalized additive models for location scale and shape (GAMLSS) in R},
  journal = {Journal of Statistical Software},
  year = {2007},
  volume = {23},
 	 	url = {https://doi.org/10.18637/jss.v023.i07}, 
number =7,
}

@article{S1986,
  author = {Stone, CJ},
  title = {The dimensionality reduction principle for generalized additive models},
  journal = {The Annals of Statistics},
  year = {1986},
  volume = {14},
  pages = {590--606},
 	 	url = {https://doi.org/10.1214/aos/1176349940}, 
number =2,
}

@article{TB2006,
  author = {Tutz, G and Binder, H},
  title = {Generalized additive modelling with implicit variable selection by likelihood based boosting},
  journal = {Biometrics},
  year = {2006},
  volume = {62},
  pages = {961--971},
 	 	url = {https://doi.org/10.1111/j.1541-0420.2006.00578.x }, 
number =4,
}

@article{W2003,
  author = {Wood, SN},
  title = {Thin Plate Regression Splines},
  journal = {Journal of the Royal Statistical Society, B},
  year = {2003},
  volume = {65},
  pages = {95--114},
 	 	url = {https://doi.org/10.1111/1467-9868.00374}, 
    number =1,
}

@article{Y2008,
  author = {Yee, TW},
  title = {The VGAM Package},
  journal = {R News},
  year = {2008},
  volume = {8},
  pages = {28--39},
}

@article{YW1996,
  author = {Yee, TW and Wild, CJ},
  title = {Vector Generalized Additive Models},
  journal = {Journal off the Royal Statistical Society, B},
  year = {1996},
  volume = {58},
  pages = {481--493},
 	 	url = {https://doi.org/10.1111/j.2517-6161.1996.tb02095.x}, 
    number =3,
}

@article{YPM2008,
  author = {Yu, K and Park, BU and Mammen, E},
  title = {Smooth backfitting in generalized additive models},
  journal = {The Annals of Statistics},
  year = {2008},
  volume = {36},
  pages = {228--260},
 	 	url = {https://doi.org/10.1214/009053607000000596}, 
    number =1,
}

@article{PMLL2015,
author = {Park, Byeong U. and Mammen, Enno and Lee, Young K. and Lee, Eun Ryung},
title = {Varying Coefficient Regression Models: A Review and New Developments},
journal = {International Statistical Review},
volume = {83},
number = {1},
pages = {36--64},
year = {2015},
 	 	url = {https://doi.org/10.1111/insr.12029}, 
}

@article{LMP2012,
author = {Lee, Young K. and Mammen, Enno and Park, Byeong U.},
journal = {The Annals of Statistics},
number = 3,
pages = {1906--1933},
title = {Flexible generalized varying coefficient regression models},
volume = 40,
year = 2012,
 	 	url = {https://doi.org/10.1214/12-AOS1026}, 
}

@article{KSS2014,
author = {K\"{o}hler, Max and Schindler, Anja and Sperlich, Stefan},
title = {A Review and Comparison of Bandwidth Selection Methods for Kernel Regression},
journal = {International Statistical Review},
volume = {82},
number = {2},
pages = {243--274},
year = {2014},
 	 	url = {https://doi.org/10.1111/insr.12039}, 
}

@book{FG1996,
  author = {Fan, {Jianqing} and Gijbels, {Irene}},
  number = 66,
  publisher = {Chapman \& Hall/CRC},
  series = {Monographs on statistics and applied probability series},
  title = {Local polynomial modelling and its applications},
  year = 1996,
}

@Manual{RPBayesX,
    title = {{BayesX}: R Utilities Accompanying the Software Package BayesX},
    author = {Nikolaus Umlauf and Thomas Kneib and Nadja Klein},
    year = {2019},
    note = {{R} package version 0.3-1},
    url = {https://CRAN.R-project.org/package=BayesX},
  }

@Manual{RGam,
    title = {{gam}: Generalized Additive Models},
    author = {Trevor Hastie},
    year = {2019},
    note = {{R} package version 1.16.1},
    url = {https://CRAN.R-project.org/package=gam},
  }
 
 @Article{Y2010,
    title = {The {VGAM} Package for Categorical Data Analysis},
    author = {Thomas W. Yee},
    journal = {Journal of Statistical Software},
    year = {2010},
    volume = {32},
    number = {10},
    pages = {1--34},
    url = {http://www.jstatsoft.org/v32/i10/},
  }
 
 @Manual{R19,
    title = {{R}: A Language and Environment for Statistical Computing},
    author = {{R} Core Team},
    organization = {R Foundation for Statistical Computing},
    address = {Vienna, Austria},
    year = {2019},
    url = {https://www.R-project.org/},
  }

@article{LMP2010,
author = {Lee, Young Kyung and Mammen, Enno and Park, Byeong U.}, 
journal = {The Annals of Statistics}, 
number = {5}, 
pages = {2857--2883}, 
title = {Backfitting and smooth backfitting for additive quantile models}, 
volume = {38}, 
year = 2010,
 	 	url = {https://doi.org/10.1214/10-AOS808}, 
}

@Manual{RPsBF,
    title = {{sBF}: Smooth Backfitting},
    author = {A. Arcagni and L. Bagnato},
    year = {2014},
    note = {{R} package version 1.1.1},
    url = {https://CRAN.R-project.org/package=sBF},
}

@Article{BDHB2016,
 author={Bissantz, Nicolai and Dette, Holger and Hildebrandt, Thimo and Bissantz, Kathrin}, 
title={Smooth backfitting in additive inverse regression}, 
journal={Annals of the Institute of Statistical Mathematics}, 
year=2016,  
volume=68, 
number=4, 
pages={827--853}, 
 	 	url = {https://doi.org/10.1007/s10463-015-0517-x}, 
}

@Article{HMMMN2017,
    title={Smooth Backfitting of Proportional Hazards With Multiplicative Components},
    author={Munir Hiabu and Enno Mammen and Maria Dolores Martinez-Miranda and Jens Perch Nielsen},
    year={2020},
    journal  = {Journal of the American Statistical Association},
    url = {doi.org/10.1080/01621459.2020.1753520},
}

@article{HP2018,
author = {Han, Kyunghee and Park, Byeong U.}, 
journal = {The Annals of Statistics}, 
number = {5}, 
pages = {2216--2250}, 
publisher = {The Institute of Mathematical Statistics}, 
title = {Smooth backfitting for errors--in--variables additive models}, 
volume = 46,
year = 2018,
 	 	url = {https://doi.org/10.1214/17-AOS1617}, 
}





