  @article{li2021bayesian,
  title={{B}ayesian Nested Latent Class Models for Cause-of-Death Assignment using Verbal Autopsies Across Multiple Domains},
  author={Li, Zehang Richard and Wu, Zhenke and Chen, Irena and Clark, Samuel J},
  journal={arXiv preprint arXiv:2112.12186},
  year={2021}
}

@article{wu2021double,
  title={Tree-informed {B}ayesian multi-source domain adaptation: cross-population probabilistic cause-of-death assignment using verbal autopsy},
  author={Wu, Zhenke and Li, Zehang Richard and Chen, Irena and Li, Mengbing},
  journal={arXiv preprint arXiv:2112.10978},
  year={2021}
}

@article{Chandramohan2021Estimating,
author = {Daniel Chandramohan and Edward Fottrell and Jordana Leitao and Erin Nichols and Samuel J. Clark and Carine Alsokhn and Daniel Cobos Munoz and Carla AbouZahr and Aurelio Di Pasquale and Robert Mswia and Eungang Choi and Frank Baiden and Jason Thomas and Isaac Lyatuu and Zehang Li and Patrick Larbi-Debrah and Yue Chu and Samuel Cheburet and Osman Sankoh and Azza Mohamed Badr and Doris Ma Fat and Philip Setel and Robert Jakob and Don de Savigny},
title = {Estimating causes of death where there is no medical certification: evolution and state of the art of verbal autopsy},
journal = {Global Health Action},
volume = {14},
number = {sup1},
pages = {1982486},
year  = {2021},
publisher = {Taylor & Francis},
doi = {10.1080/16549716.2021.1982486},
    note ={PMID: 35377290},
URL = { 
        https://doi.org/10.1080/16549716.2021.1982486
    
},
eprint = { 
        https://doi.org/10.1080/16549716.2021.1982486
    
}
}

@article{breiman2021postmortem,
  title={Postmortem investigations and identification of multiple causes of child deaths: An analysis of findings from the {Child Health and Mortality Prevention Surveillance} ({CHAMPS}) network},
  author={Breiman, Robert F and Blau, Dianna M and Mutevedzi, Portia and Akelo, Victor and Mandomando, Inacio and Ogbuanu, Ikechukwu U and Sow, Samba O and Madrid, Lola and El Arifeen, Shams and Garel, Mischka and others},
  journal={PLoS medicine},
  volume={18},
  number={9},
  pages={e1003814},
  year={2021},
  publisher={Public Library of Science San Francisco, CA USA}
}
@article{nkengasong2020improving,
  title={Improving birth and death data for {African} decision making},
  author={Nkengasong, John and Gudo, Eduardo and Macicame, Ivalda and Maunze, Xadreque and Amouzou, Agbessi and Banke, Kathryn and Dowell, Scott and Jani, Ilesh},
  journal={The Lancet Global Health},
  volume={8},
  number={1},
  pages={e35--e36},
  year={2020},
  publisher={Elsevier}
}
@article{Sankoh2012,
  author        = {Sankoh, Osman and Byass, Peter},
  title         = {The {INDEPTH} Network: filling vital gaps in global epidemiology},
  journal       = {International Journal of Epidemiology},
  year          = {2012},
  volume        = {41},
  number        = {3}
}

@Article{maher2010translating,
  author    = {Maher, D and Biraro, S and Hosegood, Victoria and Isingo, R and Lutalo, T and Mushati, P and Ngwira, B and Nyirenda, M and Todd, J and Zaba, B},
  title     = {Translating global health research aims into action: the example of the ALPHA network},
  journal   = {Tropical Medicine \& International Health},
  year      = {2010},
  volume    = {15},
  number    = {3},
  pages     = {321--328},
  publisher = {Wiley Online Library},
}

@Manual{shinypkg,
    title = {shiny: Web Application Framework for R},
    author = {Winston Chang and Joe Cheng and JJ Allaire and Carson Sievert and Barret Schloerke and Yihui Xie and Jeff Allen and Jonathan McPherson and Alan Dipert and Barbara Borges},
    year = {2021},
    note = {R package version 1.7.1},
    url = {https://CRAN.R-project.org/package=shiny},
  }

@article{murray2014using,
  title={Using verbal autopsy to measure causes of death: the comparative performance of existing methods},
  author={Murray, Christopher JL and Lozano, Rafael and Flaxman, Abraham D and Serina, Peter and Phillips, David and Stewart, Andrea and James, Spencer L and Vahdatpour, Alireza and Atkinson, Charles and Freeman, Michael K and others},
  journal={BMC medicine},
  volume={12},
  number={1},
  pages={1--19},
  year={2014},
  publisher={Springer}
}
@article{flaxman2011random,
  title={Random forests for verbal autopsy analysis: multisite validation study using clinical diagnostic gold standards},
  author={Flaxman, Abraham D and Vahdatpour, Alireza and Green, Sean and James, Spencer L and Murray, Christopher JL},
  journal={Population health metrics},
  volume={9},
  number={1},
  pages={1--11},
  year={2011},
  publisher={BioMed Central}
}
@article{jeblee2019automatically,
  title={Automatically determining cause of death from verbal autopsy narratives},
  author={Jeblee, Serena and Gomes, Mireille and Jha, Prabhat and Rudzicz, Frank and Hirst, Graeme},
  journal={BMC medical informatics and decision making},
  volume={19},
  number={1},
  pages={1--13},
  year={2019},
  publisher={Springer}
}

@article{byass2019integrated,
  title={An integrated approach to processing {WHO-2016} verbal autopsy data: the InterVA-5 model},
  author={Byass, Peter and Hussain-Alkhateeb, Laith and Dâ€™Ambruoso, Lucia and Clark, Samuel and Davies, Justine and Fottrell, Edward and Bird, Jon and Kabudula, Chodziwadziwa and Tollman, Stephen and Kahn, Kathleen and Schi{\"o}ler, Linus and Petzold, Max},
  journal={BMC Medicine},
  volume={17},
  number={1},
  pages={1--12},
  year={2019},
  publisher={BioMed Central}
}


@Misc{openva-app,
author = {Jason Thomas},
title = {Software for automating the processing of verbal autopsy data},
howpublished = {\url{https://github.com/verbal-autopsy-software/openVA_App}; Accessed July 21, 2021.},
year = {2021}
}
  
@Misc{pyCrossVA,
author = {Eungang Choi and Jason Thomas and Elizabeth Karpinski},
title = {Prepare data from WHO and PHRMC instruments for verbal autopsy algorithms},
howpublished = {\url{https://pypi.org/project/pycrossva/}; Accessed July 21, 2021.},
year = {2021}
}

@Misc{openva-pipe,
author = {Thomas, Jason and Clark, Sam J. and Bratschi, Martin W.},
title = {Software for automating the processing of verbal autopsy data.},
howpublished = {\url{https://openva-pipeline.readthedocs.io/}; Accessed July 21, 2021.},
year = {2021}
}


@Misc{smartVA-git,
  author       = {{Institute for Health Metrics and Evaluation}},
  title        = {{SmartVA-Analyze} Desktop Application},
  howpublished = {\url{https://github.com/ihmeuw/SmartVA-Analyze}; Accessed July 21, 2021.},
  year         = {2021}
}
@Misc{smartVA-web,
  author       = {{Institute for Health Metrics and Evaluation}},
  title        = {Verbal Autopsy tools},
  howpublished = {\url{https://www.healthdata.org/data-tools-practices/verbal-autopsy}; Accessed July 21, 2021.},
  year         = {2021}
}

@Article{miasnikof2015naive,
  author    = {Miasnikof, Pierre and Giannakeas, Vasily and Gomes, Mireille and Aleksandrowicz, Lukasz and Shestopaloff, Alexander Y and Alam, Dewan and Tollman, Stephen and Samarikhalaj, Akram and Jha, Prabhat},
  title     = {Naive Bayes classifiers for verbal autopsies: comparison to physician-based classification for 21,000 child and adult deaths},
  journal   = {BMC Medicine},
  year      = {2015},
  volume    = {13},
  number    = {1},
  pages     = {1},
  publisher = {BioMed Central},
}

@Article{james,
  author        = {James, S. L. and A. D. Flaxman and C. J. Murray and {Consortium Population Health Metrics Research}},
  title         = {Performance of the Tariff Method: validation of a simple additive algorithm for analysis of verbal autopsies},
  journal       = {Population Health Metrics},
  year          = {2011},
  volume        = {9},
  number        = {31},
  date-added    = {2014-12-21 21:02:27 +0000},
  date-modified = {2015-01-25 05:21:23 +0000},
}

@Misc{farva,
  author       = {Moran, Kelly R},
  title        = {FActor Regression for Verbal Autopsy},
  howpublished = {\url{https://github.com/kelrenmor/farva}; Accessed July 21, 2021.},
  year         = {2020},
  journal      = {GitHub repository},
  publisher    = {GitHub},
}

@Article{fiksel2020generalized,
  author={Fiksel, Jacob and Datta, Abhirup and Amouzou, Agbessi and Zeger, Scott},
  title   = {Generalized {Bayesian} Quantification Learning},
  journal={Journal of the American Statistical Association},
  pages={1--19},
  year={2021},
  publisher={Taylor \& Francis}
}
@Article{garenne2014prospects-BMC,
  author        = {Garenne, Michel},
  title         = {Prospects for automated diagnosis of verbal autopsies},
  journal       = {BMC Medicine},
  year          = {2014},
  volume        = {12},
  number        = {1},
  pages         = {18},
  date-added    = {2015-01-23 17:14:16 +0000},
  date-modified = {2015-01-23 17:15:39 +0000},
  keywords      = {BMC VA article collection},
  publisher     = {BioMed Central Ltd},
}

@Article{serina2015shortened,
  author    = {Serina, Peter and Riley, Ian and Stewart, Andrea and Flaxman, Abraham D and Lozano, Rafael and Mooney, Meghan D and Luning, Richard and Hernandez, Bernardo and Black, Robert and Ahuja, Ramesh and others},
  title     = {A shortened verbal autopsy instrument for use in routine mortality surveillance systems},
  journal   = {BMC Medicine},
  year      = {2015},
  volume    = {13},
  number    = {1},
  pages     = {1},
  publisher = {BioMed Central},
}

@Manual{openvapkg,
  title  = {\pkg{openVA}: Automated Method for Verbal Autopsy},
  author = {Zehang Richard Li and Jason Thomas and Tyler McCormick and Sam Clark},
  year   = {2022},
  note   = {R package version 1.1.0},
  url    = {https://CRAN.R-project.org/package=openVA},
}

@Manual{calibratedVA,
  title  = {calibratedVA: Locally calibrated cause specific mortality fractions using verbal autopsy data},
  author = {Fiksel, Jacob and Datta, Abhirup},
  year   = {2018},
  url    = {https://github.com/jfiksel/CalibratedVA},
}

@Article{ISI:000423818400007,
  author                     = {Nichols, Erin K. and Byass, Peter and Chandramohan, Daniel and Clark, Samuel J. and Flaxman, Abraham D. and Jakob, Robert and Leitao, Jordana and Maire, Nicolas and Rao, Chalapati and Riley, Ian and Setel, Philip W. and WHO Verbal Autopsy Working Grp},
  title                      = {{The WHO 2016 verbal autopsy instrument: An international standard suitable for automated analysis by InterVA, InSilicoVA, and Tariff 2.0}},
  journal                    = {PLOS Medicine},
  year                       = {{2018}},
  volume                     = {{15}},
  number                     = {{1}},
  month                      = {{JAN}},
  issn                       = {{1549-1676}}
}

@Manual{insilicovapkg,
  title  = {\pkg{InSilicoVA}: Probabilistic Verbal Autopsy Coding with 'InSilicoVA' Algorithm},
  author = {Zehang R Li and Tyler H McCormick and Sam J Clark},
  year   = {2022},
  note   = {R package version 1.4.0},
  url    = {https://CRAN.R-project.org/package=InSilicoVA},
}


 @Manual{crossvapkg,
    title = {\pkg{CrossVA}: Verbal Autopsy Data Transformation for {InSilicoVA} and {InterVA5}
Algorithms},
    author = {Jason Thomas and Eungang Choi and Zehang Li and Nicolas Maire and Tyler McCormick and Peter Byass and Sam Clark},
    year = {2020},
    note = {R package version 1.0.0},
    url = {https://CRAN.R-project.org/package=CrossVA},
  }

@Article{moran2021bayesian,
  author    = {Moran, Kelly R and Turner, Elizabeth L and Dunson, David and Herring, Amy H},
  title     = {Bayesian hierarchical factor regression models to infer cause of death from verbal autopsy data},
  journal   = {Journal of the Royal Statistical Society: Series C (Applied Statistics)},
  year      = {2021},
  publisher = {Wiley Online Library},
}

@Article{byass2012strengthening,
  author        = {Byass, Peter and Chandramohan, Daniel and Clark, Samuel J and D'Ambruoso, Lucia and Fottrell, Edward and Graham, Wendy J and Herbst, Abraham J and Hodgson, Abraham and Hounton, Sennen and Kahn, Kathleen and others},
  title         = {Strengthening Standardised Interpretation of Verbal Autopsy Data: The New {InterVA-4} Tool},
  journal       = {Global Health Action},
  year          = {2012},
  volume        = {5},
  date-added    = {2015-01-23 17:09:14 +0000},
  date-modified = {2015-11-03 22:24:47 +0000},
  publisher     = {Co-Action Publishing},
}

@TechReport{world2012verbal,
  author        = {{World Health Organization}},
  title         = {Verbal Autopsy Standards: The 2012 WHO Verbal Autopsy Instrument Release Candidate 1},
  institution   = {World Health Organization (WHO)},
  year          = {2012},
  address       = {Geneva},
  month         = {accessed 2015-01.},
  date-added    = {2015-01-23 17:27:56 +0000},
  date-modified = {2015-12-18 05:15:28 +0000},
}

@Article{serina2015improving,
  author    = {Serina, Peter and Riley, Ian and Stewart, Andrea and James, Spencer L and Flaxman, Abraham D and Lozano, Rafael and Hernandez, Bernardo and Mooney, Meghan D and Luning, Richard and Black, Robert and others},
  title     = {Improving performance of the Tariff Method for assigning causes of death to verbal autopsies},
  journal   = {BMC Medicine},
  year      = {2015},
  volume    = {13},
  number    = {1},
  pages     = {1},
  publisher = {BioMed Central},
}

@Book{taylor1983child,
  title         = {Child and maternal health services in rural India. The Narangwal experiment. 2. Integrated family planning and health care.},
  publisher     = {Johns Hopkins University Press},
  year          = {1983},
  author        = {Taylor, Carl E and Parker, RL and Reinke, WA and Faruquee, R},
  date-added    = {2015-01-23 22:55:48 +0000},
  date-modified = {2015-01-23 22:55:48 +0000},
}

@Manual{rcitation,
    title = {R: A Language and Environment for Statistical Computing},
    author = {{R Core Team}},
    organization = {R Foundation for Statistical Computing},
    address = {Vienna, Austria},
    year = {2021},
    url = {https://www.R-project.org/},
  }

@Article{murray2011population,
  author        = {Murray, Christopher JL and Lopez, Alan D and Black, Robert and Ahuja, Ramesh and Ali, Said M and Baqui, Abdullah and Dandona, Lalit and Dantzer, Emily and Das, Vinita and Dhingra, Usha and others},
  title         = {{Population Health Metrics Research Consortium} gold standard verbal autopsy validation study: design, implementation, and development of analysis datasets},
  journal       = {Population Health Metrics},
  year          = {2011},
  volume        = {9},
  number        = {1},
  pages         = {27},
  date-added    = {2015-01-10 19:16:17 +0000},
  date-modified = {2015-01-10 19:16:17 +0000},
  publisher     = {BioMed Central Ltd},
}

@Article{insilico,
  author  = {Tyler H. McCormick and Zehang Richard Li and Clara Calvert and Amelia C. Crampin and Kathleen Kahn and Samuel J. Clark},
  title   = {Probabilistic Cause-of-Death Assignment Using Verbal Autopsies},
  journal = {Journal of the American Statistical Association},
  year    = {2016},
  volume  = {111},
  number  = {515},
  pages   = {1036-1049},
}

@Article{tsuyoshi2017,
  author    = {Kunihama, Tsuyoshi and Li, Zehang R and Clark, Samuel J and McCormick, Tyler H},
  title     = {{Bayesian} factor models for probabilistic cause of death assessment with verbal autopsies},
  journal   = {The Annals of Applied Statistics},
  year      = {2020},
  volume    = {14},
  number    = {1},
  pages     = {241--256},
  month     = {03},
  publisher = {The Institute of Mathematical Statistics},
}

@Article{2018interVA5,
  author        = {Peter Byass},
  title         = {{InterVA-5 Software [Windows Executable]}},
  journal       = {http://www.byass.uk/interva/products.htm},
  year          = {2018},
  date-added    = {2018-05-21 15:20:48 +0000},
  date-modified = {2018-05-21 15:20:48 +0000},
}

@Article{kahn2012profile,
author = {Kahn, Kathleen and Collinson, Mark A and GÃ³mez-OlivÃ©, F Xavier and Mokoena, Obed and Twine, Rhian and Mee, Paul and Afolabi, Sulaimon A and Clark, Benjamin D and Kabudula, Chodziwadziwa W and Khosa, Audrey and Khoza, Simon and Shabangu, Mildred G and Silaule, Bernard and Tibane, Jeffrey B and Wagner, Ryan G and Garenne, Michel L and Clark, Samuel J and Tollman, Stephen M},
  title         = {Profile: {Agincourt} Health and Socio-Demographic Surveillance System},
  journal       = {International Journal of Epidemiology},
  year          = {2012},
  volume        = {41},
  number        = {4},
  pages         = {988--1001},
  date-added    = {2014-12-21 21:02:27 +0000},
  date-modified = {2015-12-09 20:24:49 +0000},
  publisher     = {IEA},
}

@Manual{interVA5,
  title  = {{InterVA5}: Replicate and Analyse {'InterVA5'}},
  author = {Jason Thomas and Zehang Li and Peter Byass and Tyler McCormick and Matthew Boyas and Sam Clark},
   year = {2021},
    note = {R package version 1.1.3},
    url = {https://CRAN.R-project.org/package=InterVA5},
  }


@Manual{interVA4,
  title  = {\pkg{InterVA4}: Replicate and Analyse 'InterVA4'},
  author = {Zehang R Li and Tyler H McCormick and Sam J Clark and Peter Byass},
  year   = {2019},
  note   = {R package version 1.7.6},
  url    = {https://CRAN.R-project.org/package=InterVA4},
}

@Article{dambruoso2017,
  author                     = {D'Ambruoso, Lucia and Boerma, Ties and Byass, Peter and Fottrell, Edward and Herbst, Kobus and Kallander, Karin and Mullan, Zoe},
  title                      = {{The case for verbal autopsy in health systems strengthening}},
  journal                    = {LANCET GLOBAL HEALTH},
  year                       = {{2017}},
  volume                     = {{5}},
  number                     = {{1}},
  pages                      = {{E20-E21}},
  month                      = {{JAN}},
  issn                       = {{2214-109X}},
  address                    = {{THE BOULEVARD, LANGFORD LANE, KIDLINGTON, OXFORD OX5 1GB, OXON, ENGLAND}},
  affiliation                = {{D'Ambruoso, L (Reprint Author), Univ Aberdeen, Aberdeen, Scotland. D'Ambruoso, Lucia, Univ Aberdeen, Aberdeen, Scotland. Boerma, Ties, WHO, Geneva, Switzerland. Byass, Peter, Umea Univ, Umea, Sweden. Fottrell, Edward, UCL, London, England. Herbst, Kobus, Africa Hlth Res Inst, Durban, South Africa. Kallander, Karin, Malaria Consortium, London, England. Kallander, Karin, Karolinska Inst, Stockholm, Sweden. Mullan, Zoe, Lancet Global Hlth, London, England.}},
  author-email               = {{lucia.dambruoso@abdn.ac.uk}},
  da                         = {{2018-05-21}},
  doc-delivery-number        = {{EN9SQ}},
  funding-acknowledgement    = {{Health Systems Research Initiative grant from the UK Department for International Development (DFID); Medical Research Council (MRC); Wellcome Trust/Economic and Social Research Council (ESRC) {[}MR/N005597/1]}},
  funding-text               = {{This Comment is based on a round-table discussion held at University College London on Oct 17, 2016, funded by a Health Systems Research Initiative grant from the UK Department for International Development (DFID)/Medical Research Council (MRC)/Wellcome Trust/Economic and Social Research Council (ESRC) (MR/N005597/1). We declare no competing interests.}},
  journal-iso                = {{Lancet Glob. Health}},
  keywords-plus              = {{INDEPTH NETWORK; MORTALITY}},
  language                   = {{English}},
  number-of-cited-references = {{10}},
  oa                         = {{gold}},
  orcid-numbers              = {{D'Ambruoso, Lucia/0000-0002-8505-3368}},
  publisher                  = {{ELSEVIER SCI LTD}},
  research-areas             = {{Public, Environmental \& Occupational Health}},
  times-cited                = {{2}},
  type                       = {{Editorial Material}},
  unique-id                  = {{ISI:000396340300011}},
  usage-count-last-180-days  = {{0}},
  usage-count-since-2013     = {{1}},
  web-of-science-categories  = {{Public, Environmental \& Occupational Health}},
}

@Manual{nbcpkg,
  title  = {\pkg{nbc4va}: Bayes Classifier for Verbal Autopsy Data},
  author = {Richard Wen and Pierre Miasnikof and Vasily Giannakeas and Mireille Gomes},
  year   = {2022},
  note   = {R package version 1.2},
  url    = {https://CRAN.R-project.org/package=nbc4va},
}

@Article{2015interVA,
  author        = {Peter Byass},
  title         = {{InterVA-4 Software [Windows Executable]}},
  journal       = {www.interva.net},
  year          = {2015},
  date-added    = {2015-12-09 20:12:48 +0000},
  date-modified = {2015-12-09 20:14:17 +0000},
}

@Article{li2014interva4,
  author      = {Li, Zehang Richard and McCormick, Tyler H and Clark, Samuel J},
  title       = {InterVA4: An {R} package to analyze verbal autopsy data},
  journal     = {Center for Statistics and the Social Sciences Working Paper, No.146},
  year        = {2014},
  institution = {Center for Statistics and the Social Sciences, University of Washington.},
}

@Manual{tariffpkg,
  title  = {\pkg{Tariff}: Replicate Tariff Method for Verbal Autopsy},
  author = {Zehang R Li and Tyler H McCormick and Sam J Clark},
  year   = {2018},
  note   = {R package version 1.0.5},
  url    = {https://CRAN.R-project.org/package=Tariff},
}

@Article{li2017mix,
  author    = {Li, Zehang R and McCormick, Tyler H and Clark, Samuel J},
  title     = {Using {Bayesian} latent {Gaussian} graphical models to infer symptom associations in verbal autopsies},
  journal   = {Bayesian Analysis},
  year      = {2020},
  volume    = {15},
  number    = {3},
  pages     = {781},
  publisher = {NIH Public Access},
}

@Article{caliva,
  author  = {Datta, Abhirup and Fiksel, Jacob and Amouzou, Agbessi and Zeger, Scott L},
  title   = {Regularized Bayesian transfer learning for population-level etiological distributions},
  journal = {Biostatistics},
  year    = {2020},
  pages   = {ISSN 1465â€“4644},
}

@Comment{jabref-meta: databaseType:bibtex;}
