@Manual{R,
  title = {R: A Language and Environment for Statistical Computing},
  author = {{R Core Team}},
  organization = {R Foundation for Statistical Computing},
  address = {Vienna, Austria},
  year = {2016},
  note = {{ISBN} 3-900051-07-0},
  url = {https://www.R-project.org/},
}

@article{ihaka:1996,
  Author = {Ihaka, Ross and Gentleman, Robert},
	Journal = {Journal of Computational and Graphical Statistics},
	Number = 3,
	Pages = {299--314},
	Title = {R: A Language for Data Analysis and Graphics},
	Volume = 5,
	Year = 1996,
        url = {https://doi.org/10.1080/10618600.1996.10474713}
}

  @Book{ggplot2,
    author = {Hadley Wickham},
    title = {ggplot2: Elegant Graphics for Data Analysis},
    publisher = {Springer-Verlag New York},
    year = {2016},
    isbn = {978-3-319-24277-4},
    url = {https://ggplot2.tidyverse.org},
  }

@Manual{dplyr,
  title = {dplyr: A Grammar of Data Manipulation},
  author = {Hadley Wickham and Romain François and Lionel Henry and Kirill Müller},
  year = {2022},
  note = {https://dplyr.tidyverse.org,
https://github.com/tidyverse/dplyr},
}

@Manual{tidyr,
  title = {tidyr: Tidy Messy Data},
  author = {Hadley Wickham and Maximilian Girlich},
  year = {2022},
  note = {https://tidyr.tidyverse.org, https://github.com/tidyverse/tidyr},
}

  @Article{tmap,
    title = {{tmap}: Thematic Maps in {R}},
    author = {Martijn Tennekes},
    journal = {Journal of Statistical Software},
    year = {2018},
    volume = {84},
    number = {6},
    pages = {1--39},
    doi = {10.18637/jss.v084.i06},
  }
  
  @Manual{leaflet,
    title = {leaflet: Create Interactive Web Maps with the JavaScript 'Leaflet'
Library},
    author = {Joe Cheng and Bhaskar Karambelkar and Yihui Xie},
    year = {2021},
    note = {R package version 2.0.4.1},
    url = {https://CRAN.R-project.org/package=leaflet},
  }
  
  @Manual{rayshader,
    title = {rayshader: Create Maps and Visualize Data in 2D and 3D},
    author = {Tyler Morgan-Wall},
    year = {2021},
    note = {R package version 0.24.10},
    url = {https://CRAN.R-project.org/package=rayshader},
  }
  
  @Manual{rgeoda,
  title = {rgeoda: R Library for Spatial Data Analysis},
  author = {Xun Li and Luc Anselin},
  year = {2022},
  note = {https://github.com/geodacenter/rgeoda/, https://geodacenter.github.io/rgeoda/},
}

@Manual{reticulate,
    title = {reticulate: Interface to 'Python'},
    author = {Kevin Ushey and JJ Allaire and Yuan Tang},
    year = {2021},
    note = {R package version 1.20},
    url = {https://CRAN.R-project.org/package=reticulate},
  }

@article{burdukiewicz2019,
  Author = {Burdukiewicz, M. and Pietluch, F. and Chilimoniuk, J. and Sidorczuk, K. and Rafacz, D. and Jessen, L.E. and Rödiger, S. and Kosinski, M. and Wojcik, P.},
	Journal = {R Journal},
	Number = 1,
	Pages = {484--493},
	Title = {Conference Report: Why R? 2019},
	Volume = 12,
	Year = 2019,
        url = {https://doi.org/10.1080/10618600.1996.10474713}
}

@article{burdukiewicz2018,
  Author = {Burdukiewicz, M. and Karas, M. and Jessen, L. E. and Kosinski, M. and Bischl, B. and Rödiger, S.},
	Journal = {R Journal},
	Number = 2,
	Pages = {572--578},
	Title = {Conference Report: Why R? 2018},
	Volume = 10,
	Year = 2018,
        url = {https://doi.org/10.32614/RJ-2018-2-whyR}
}

@article{cavus2021,
  Author = {Cavus, M. and Aydin, O. and Evkaya, O. and Ozdemir, O. and Bezer, D. and Dar, U.},
	Journal = {R Journal},
	Number = 1,
	Pages = {648--653},
	Title = {Conference Report of Why R? Turkey 2021},
	Volume = 13,
	Year = 2021,
        url = {https://journal.r-project.org/archive/2021-1/whyr2021.pdf}
}

@article{cordoba2019,
  Author = {Cordoba, M. A. and Dunne, F. and Melendez, A. G. and Etten, J.},
	Journal = {R Journal},
	Number = 2,
	Pages = {439--442},
	Title = {Conference Report: ConectaR2019},
	Volume = 11,
	Year = 2019
}

