% The references are sorted in the same order as they appear at the end of the paper.

@book{Abarbanel1996,
  title={Analysis of observed chaotic data},
  author={Abarbanel, Henry DI},
  year={1996},
  publisher={Springer}
}

@article{Andrews1991,
 author = {Donald W. K. Andrews},
 journal = {Econometrica},
 number = {3},
 pages = {817--858},
 publisher = {[Wiley, Econometric Society]},
 title = {Heteroskedasticity and Autocorrelation Consistent Covariance Matrix Estimation},
 volume = {59},
 year = {1991},
 url = {https://doi.org/10.2307/2938229}
}

@article{Bradley:2015,
  author = {Elizabeth Bradley and Holger Kantz},
  title = {Nonlinear Time-Series Analysis Revisited},
  journal = {Chaos: An Interdisciplinary Journal of Nonlinear Science},
  volume = {25},
  number = {9},
  pages = {097610},
  year = {2015},
  url = {https://doi.org/10.1063/1.4917289}
}

@article{Brown1991,
  title={Computing the Lyapunov spectrum of a dynamical system from an observed time series},
  author={Brown, Reggie and Bryant, Paul and Abarbanel, Henry DI},
  journal={Physical Review A},
  volume={43},
  number={6},
  pages={2787},
  year={1991},
  publisher={APS},
  url = {https://doi.org/10.1103/PhysRevA.43.2787}
}

@article{Tong1994,
author = {Chan, Kung-Sik and Tong, Howell},
title={A note on noisy chaos},
journal={Journal of the Royal Statistical Society: Series B (Methodological)},
volume={56},
number={2},
pages={301--311},
year={1994},
url = {https://doi.org/10.1111/j.2517-6161.1994.tb01979.x}
}

@book{Tong2001,
title={Chaos: a statistical perspective},
author = {Chan, Kung-Sik and Tong, Howell},
year={2001},
publisher={Springer-Verlag},
url = {https://doi.org/10.1007/978-1-4757-3464-5}
}

@article{Dechert1992,
author = {Dechert, W. D. and Gen\c{c}ay, R.},
journal = {J Appl Econ},
month = {dec},
number = {S1},
pages = {S41--S60},
title = {{Lyapunov exponents as a nonparametric diagnostic for stability analysis}},
volume = {7},
year = {1992},
url = {https://doi.org/10.1002/jae.3950070505}
}

@article{Eckmann1985,
  title = {Ergodic theory of chaos and strange attractors},
  author = {Eckmann, J. -P. and Ruelle, D.},
  journal = {Rev Mod Phys},
  volume = {57},
  issue = {3},
  pages = {617--656},
  numpages = {0},
  year = {1985},
  publisher = {American Physical Society},
  url = {https://doi.org/10.1103/RevModPhys.57.617}
}

@article{Eckmann1986,
  title = {Liapunov exponents from time series},
  author = {Eckmann, J. -P. and Kamphorst, S. Oliffson and Ruelle, D. and Ciliberto, S.},
  journal = {Phys Rev A},
  volume = {34},
  issue = {6},
  pages = {4971--4979},
  numpages = {0},
  year = {1986},
  month = {Dec},
  publisher = {American Physical Society},
  url = {https://doi.org/10.1103/PhysRevA.34.4971}
}

@article{Faggini:2014,
  author = {Marisa Faggini},
  title = {Chaotic Time Series Analysis in Economics: Balance and Perspectives},
  journal = {Chaos: An Interdisciplinary Journal of Nonlinear Science},
  volume = {24},
  number = {4},
  pages = {042101},
  year = {2014},
  url = {https://doi.org/10.1063/1.4903797}
}

@manual{Constantino:2019,
  title = {nonlinearTseries: Nonlinear Time Series Analysis},
  author = {Constantino A. Garcia},
  year = {2019},
  note = {R package version 0.2.6},
  url = {https://CRAN.R-project.org/package=nonlinearTseries},
}

@article{Gencay1992,
  author = {Ramazan Gen\c{c}ay and W. Davis Dechert},
  title = {An Algorithm for the n Lyapunov Exponents of an n-Dimensional Unknown Dynamical System},
  journal = {Physica D},
  volume = {59},
  number = {1},
  pages = {142--157},
  year = {1992},
  url = {https://doi.org/10.1016/0167-2789(92)90210-E}
}

@article{Grassberger1983,
  title={Measuring the strangeness of strange attractors},
  author={Grassberger, Peter and Procaccia, Itamar},
  journal={Physica D: Nonlinear Phenomena},
  volume={9},
  number={1-2},
  pages={189--208},
  year={1983},
  publisher={Elsevier},
  url="https://doi.org/10.1007/978-0-387-21830-4_12"
}

@article{Hegger1999,
  title={Practical implementation of nonlinear time series methods: The TISEAN package},
  author={Hegger, Rainer and Kantz, Holger and Schreiber, Thomas},
  journal={Chaos: An Interdisciplinary Journal of Nonlinear Science},
  volume={9},
  number={2},
  pages={413--435},
  year={1999},
  publisher={AIP},
  url = {https://doi.org/10.1063/1.166424}
}

@article{Hornik1989,
title = "Multilayer feedforward networks are universal approximators ",
journal = "Neural Networks ",
volume = "2",
number = "5",
pages = "359 - 366",
year = "1989",
note = "",
author = "Kurt Hornik and Maxwell Stinchcombe and Halbert White",
  url = {https://doi.org/10.1016/0893-6080(89)90020-8}
}

@article{Huke2007,
year = {2007},
publisher = {{IOP} Publishing},
volume = {20},
number = {9},
pages = {2205--2244},
author = {J P Huke and D S Broomhead},
title = {Embedding theorems for non-uniformly sampled dynamical systems},
journal = {Nonlinearity},
url = {https://doi.org/10.1088/0951-7715/20/9/011}
}

@article{Kantz1994,
title = "A robust method to estimate the maximal Lyapunov exponent of a time series",
journal = "Physics Letters A",
volume = "185",
number = "1",
pages = "77 - 87",
year = "1994",
author = "Holger Kantz",
url = {https://doi.org/10.1016/0375-9601(94)90991-1}
}

@article{Kantz1997,
  title={Determinism and predictability},
  author={Kantz, H and Schreiber, T},
  journal={Nonlinear time series analysis},
  pages={42--57},
  year={1997},
  publisher={Cambridge University Press Cambridge, United Kingdom}
}

@book{Kantz2004,
  title={Nonlinear time series analysis},
  author={Kantz, Holger and Schreiber, Thomas},
  volume={7},
  year={2004},
  publisher={Cambridge university press}
}

@article{Kennel1992,
  title = {Determining embedding dimension for phase-space reconstruction using a geometrical construction},
  author = {Kennel, Matthew B. and Brown, Reggie and Abarbanel, Henry D. I.},
  journal = {Phys Rev A},
  volume = {45},
  issue = {6},
  pages = {3403--3411},
  numpages = {0},
  year = {1992},
  publisher = {American Physical Society},
  url = {https://doi.org/10.1103/PhysRevA.45.3403}
}

@article{Lu1997,
  title={Estimating local Lyapunov exponents},
  author={Lu, Zhanâ€”Qian and Smith, Richard L},
  journal={Fields Institute Communications},
  volume={11},
  pages={135--151},
  year={1997}
}

@article{McCaffrey1992,
author = { Daniel F.  McCaffrey  and  Stephen   Ellner  and  A.   Ronald   Gallant  and  Douglas W.   Nychka },
title = {Estimating the Lyapunov Exponent of a Chaotic System with Nonparametric Regression},
journal = {J Am Stat Assoc},
volume = {87},
number = {419},
pages = {682-695},
year  = {1992},
publisher = {Taylor & Francis},
url = {https://doi.org/10.1080/01621459.1992.10475270}
}

@manual{Fabio:2019,
  title = {tseriesChaos: Analysis of Nonlinear Time Series},
  author = {Antonio F. Di Narzo},
  year = {2019},
  note = {R package version 0.1-13.1},
  url = {https://CRAN.R-project.org/package=tseriesChaos},
}

@article{Nychka1992,
 author = {Douglas Nychka and Stephen Ellner and A. Ronald Gallant and Daniel McCaffrey},
 journal = {J R Stat Soc Series B Stat Methodol},
 number = {2},
 pages = {399--426},
 publisher = {[Royal Statistical Society, Wiley]},
 title = {Finding Chaos in Noisy Systems},
 volume = {54},
 year = {1992},
 url = {https://www.jstor.org/stable/2346135}
}

@article{Rosenstein1993,
title = "A practical method for calculating largest Lyapunov exponents from small data sets",
journal = "Physica D: Nonlinear Phenomena",
volume = "65",
number = "1",
pages = "117 - 134",
year = "1993",
url = "https://doi.org/10.1016/0167-2789(93)90009-P",
author = "Michael T. Rosenstein and James J. Collins and Carlo J. De Luca",
}

@article{Ruelle1971,
author="Ruelle, David
and Takens, Floris",
title="On the nature of turbulence",
journal="Communications in Mathematical Physics",
year="1971",
volume="20",
number="3",
pages="167--192",
url = {https://doi.org/10.1007/BF01646553}
}

@manual{Sandubete:2019,
  title = {DChaos: Chaotic Time Series Analysis},
  author = {Julio E. Sandubete and Lorenzo Escot},
  year = {2021},
  note = {R package version 0.1-6},
  url = {https://CRAN.R-project.org/package=DChaos},
}
  
  @article{Sano1985,
  title={Measurement of the Lyapunov spectrum from a chaotic time series},
  author={Sano, Masaki and Sawada, Yasuji},
  journal={Physical review letters},
  volume={55},
  number={10},
  pages={1082},
  year={1985},
  publisher={APS},
  url = {https://doi.org/10.1103/PhysRevLett.55.1082}
}

@article{Shintani2003,
  title={Is there chaos in the world economy? A nonparametric test using consistent standard errors},
  author={Shintani, Mototsugu and Linton, Oliver},
  journal={International Economic Review},
  volume={44},
  number={1},
  pages={331--357},
  year={2003},
  publisher={Wiley Online Library},
  url = {https://doi.org/10.1111/1468-2354.t01-1-00073}
}

@article{Shintani2004,
author = {Shintani, Mototsugu and Linton, Oliver},
journal = {J Econom},
month = {may},
number = {1},
pages = {1--33},
title = {{Nonparametric neural network estimation of Lyapunov exponents and a direct test for chaos}},
volume = {120},
year = {2004},
url = {https://doi.org/10.1016/S0304-4076(03)00205-7}
}

@book{Takens1981,
author="Takens, Floris",
title="Detecting strange attractors in turbulence",
bookTitle="Dynamical Systems and Turbulence, Warwick 1980: Proceedings of a Symposium Held at the University of Warwick 1979/80",
year="1981",
publisher="Springer Berlin Heidelberg",
pages="366--381",
}

@article{Tang:2015,
  author = {Ling Tang and Huiling Lv and Fengmei Yang and Lean Yu},
  title = {Complexity Testing Techniques for Time Series Data: A Comprehensive Literature Review},
  journal = {Chaos Solitons {\&} Fractals},
  volume = {81},
  pages = {117--135},
  year = {2015},
  url = {https://doi.org/10.1016/j.chaos.2015.09.002}
}

@article{Whang1999,
title = "The asymptotic distribution of nonparametric estimates of the Lyapunov exponent for stochastic time series",
journal = "J Econom",
volume = "91",
number = "1",
pages = "1 - 42",
year = "1999",
url = "https://doi.org/10.1016/S0304-4076(98)00047-5",
author = "Yoon-Jae Whang and Oliver Linton",
}

@article{Wolf1985,
title = "Determining Lyapunov exponents from a time series",
journal = "Physica D",
volume = "16",
number = "3",
pages = "285 - 317",
year = "1985",
url = {https://doi.org/10.1016/0167-2789(85)90011-9},
author = "Alan Wolf and Jack B. Swift and Harry L. Swinney and John A. Vastano",
}

@manual{Wuertz:2017,
  title = {fNonlinear: Rmetrics - Nonlinear and Chaotic Time Series Modelling},
  author = {Diethelm Wuertz and Tobias Setz and Yohan Chalabi},
  year = {2017},
  note = {R package version 3042.79},
  url = {https://CRAN.R-project.org/package=fNonlinear},
}

@book{Diaz2019,
  title={Chaos theory: Current and future research and applications},
  author={Fern{\'a}ndez-D{\'\i}az, Andr{\'e}s},
  year={2019},
  publisher={McGraw-Hill}
}



