@misc{pkgdistr,
author = {Ruckdeschel, Peter and Kohl, Matthias and Stabla, Thomas and Camphausen, Florian},
pages = {2----6},
publisher = {R News},
title = {{S4 Classes for Distributions}},
url = {https://cran.r-project.org/package=distr},
year = {2006}
}

@misc{pkgR6,
author = {Chang, Winston},
title = {{R6: Classes with Reference Semantics}},
url = {https://cran.r-project.org/package=R6},
year = {2018}
}

@misc{pkgr62s3,
author = {Sonabend, Raphael},
month = {may},
publisher = {CRAN},
title = {{R62S3: Automatic Method Generation from R6}},
url = {https://cran.r-project.org/package=R62S3},
year = {2019}
}

@misc{Gamma1996,
author = {Gamma, E and Helm, R and Johnson, R and Vlissides, J},
booktitle = {Addison-Wesley Professional Computing Series},
isbn = {020163361-2},
issn = {ISBN: 0-201-63361-2},
pages = {395},
pmid = {22693012},
title = {{Design Patterns: Elements of Reusable Software}},
year = {1996}
}

@misc{pkgextradistr,
author = {Wolodzko, Tymoteusz},
publisher = {CRAN},
title = {{extraDistr: Additional Univariate and Multivariate Distributions}},
url = {https://cran.r-project.org/package=extraDistr},
year = {2019}
}

@article{pkgactuar,
author = {Dutang, Christophe and Goulet, Vincent and Pigeon, Mathieu},
journal = {Journal of Statistical Software},
number = {7},
pages = {38},
title = {{actuar: An R Package for Actuarial Science}},
volume = {25},
year = {2008}
}

@misc{pkgdistributions3,
author = {Hayes, Alex and Moller-Trane, Ralph},
publisher = {CRAN},
title = {{distributions3: Probability Distributions as S3 Objects}},
url = {https://cran.r-project.org/package=distributions3},
year = {2019}
}

@article{pkgdistributions,
author = {Lin, Dahua and White, John Myles and Byrne, Simon and Bates, Douglas and Noack, Andreas and Pearson, John and Arslan, Alex and Squire, Kevin and Anthoff, David and Papamarkou, Theodore and Besan{\c{c}}on, Mathieu and Drugowitsch, Jan and Schauer, Moritz},
title = {{JuliaStats/Distributions.jl: a Julia package for probability distributions and associated functions}},
doi = {10.5281/zenodo.2647458},
year = {2019}
}

@article{pkgmistr,
author = {Sablica, Lukas and Hornik, Kurt},
doi = {10.32614/RJ-2020-003},
issn = {2073-4859},
journal = {The R Journal},
number = {1},
pages = {283},
publisher = {CRAN},
title = {{mistr: A Computational Framework for Mixture and Composite Distributions}},
url = {https://journal.r-project.org/archive/2020/RJ-2020-003/index.html},
volume = {12},
year = {2020}
}

@article{pkgrcpp,
author = {Eddelbuettel, Dirk and Francois, Romain},
journal = {Journal of Statistical Software},
number = {8},
pages = {1--18},
publisher = {CRAN},
title = {{Rcpp: Seamless R and C++ Integration}},
url = {http://www.jstatsoft.org/v40/i08/},
volume = {40},
year = {2011}
}

@article{pkgset6,
author = {Sonabend, Raphael and Kiraly, Franz J.},
doi = {10.21105/joss.02598},
issn = {2475-9066},
journal = {Journal of Open Source Software},
month = {nov},
number = {55},
pages = {2598},
title = {{set6: R6 Mathematical Sets Interface}},
url = {https://joss.theoj.org/papers/10.21105/joss.02598},
volume = {5},
year = {2020}
}

@article{Chambers2014,
author = {Chambers, John M},
issn = {0883-4237},
journal = {Statist. Sci.},
number = {2},
pages = {167--180},
publisher = {The Institute of Mathematical Statistics},
title = {{Object-Oriented Programming, Functional Programming and R}},
url = {https://projecteuclid.org:443/euclid.ss/1408368569},
volume = {29},
year = {2014}
}

@misc{pkgmicrobm,
author = {Mersmann, Olaf},
publisher = {CRAN},
title = {{microbenchmark: Accurate Timing Functions}},
url = {https://cran.r-project.org/package=microbenchmark},
year = {2019}
}

@misc{pkgdistributional,
annote = {R package version 0.2.1},
author = {O'Hara-Wild, Mitchell and Hayes, Alex},
publisher = {CRAN},
title = {{distributional: Vectorised Probability Distributions}},
url = {https://cran.r-project.org/package=distributional},
year = {2020}
}

@article{Kiraly2021,
arxivId = {2101.04938},
author = {Kir{\'{a}}ly, Franz J. and L{\"{o}}ning, Markus and Blaom, Anthony and Guecioueur, Ahmed and Sonabend, Raphael},
eprint = {2101.04938},
journal = {arXiv},
month = {jan},
title = {{Designing Machine Learning Toolboxes: Concepts, Principles and Patterns}},
url = {http://arxiv.org/abs/2101.04938},
year = {2021}
}
