@misc{nobel,
  Author = {Martin Karplus},
  Title = {Nobel Lecture},
  year      = 2013,
  url = {https://www.nobelprize.org/prizes/chemistry/2013/karplus/lecture/}
}

@article{mtd,
  Author = {Laio, Alessandro and Parrinello, Michele},
  Journal = {Proceedings of the National Academy of Sciences of the United States of America},
  Number = 99,
  Volume = 20,
  Pages = {12562--12566},
  Title = {Escaping free-energy minima},
  Year = 2002,
  url = {https://doi.org/10.1073/pnas.202427399}
}

@article{tiwary,
  Author = {Tiwary, Pratyush and Parrinello, Michele},
  Title = {A Time-Independent Free Energy Estimator for Metadynamics},
  Journal = {The Journal of Physical Chemistry B},
  Volume = {119},
  Number = {3},
  Pages = {736-742},
  Year = {2015},
  url = {https://doi.org/10.1021/jp504920s}
}

@article{us,
  Author = {Torrie, G. M. and Valleau, J. P.},
  Title = {Nonphysical sampling distributions in Monte Carlo free-energy estimation: Umbrella sampling},
  Journal = {Journal of Computational Physics},
  Volume = {23},
  Issue = {2},
  Year = {1977},
  Pages = {187-199},
  url = {https://doi.org/10.1016/0021-9991(77)90121-8}
}

@article{wtmtd,
  Author = {Barducci, Alessandro and Bussi, Giovanni and Parrinello, Michele},
  Journal = {Physical Review Letters},
  Number = 2,
  Volume = 100,
  Pages = {020603},
  Title = {Well-Tempered Metadynamics: A Smoothly Converging and Tunable Free-Energy Method},
  Year = 2007,
  url = {https://doi.org/10.1103/PhysRevLett.100.020603}
}

@article{amber,
  Author = {Weiner, Paul K. and Kollman, Peter A.},
  Journal = {Journal of Computational Chemistry},
  Number = 3,
  Volume = 2,
  Pages = {287--303},
  Title = {AMBER: Assisted model building with energy refinement. A general program for modeling molecules and their interactions},
  Year = 1981,
  url = {https://doi.org/10.1002/jcc.540020311}
}

@article{gmx,
  Author = {Abraham, James Mark and Murtola, Teemu and Schulz, Roland and Páll, Szilárd and Smith, Jeremy C. and Hess, Berk and Lindahl Erik},
  Journal = {SoftwareX},
  Volume = {1--2},
  Pages = {19--25},
  Title = {GROMACS: High performance molecular simulations through multi-level parallelism from laptops to supercomputers},
  year = 2015,
  url = {https://doi.org/10.1016/j.softx.2015.06.001}
}

@article{gms,
  author = {Christen, Markus and Hünenberger, Philippe H. and Bakowies, Dirk and Baron, Riccardo and Bürgi, Roland and Geerke, Daan P. and Heinz, Tim N. and Kastenholz, Mika A. and Kräutler, Vincent and Oostenbrink, Chris and Peter, Christine and Trzesniak, Daniel and van Gunsteren, Wilfred F.},
  title = {The GROMOS software for biomolecular simulation: GROMOS05},
  journal = {Journal of Computational Chemistry},
  volume = {26},
  number = {16},
  pages = {1719--1751},
  year = {2005},
  url = {https://doi.org/10.1002/jcc.20303},
}

@article{namd,
  author = {Phillips,James C. and Hardy,David J. and Maia,Julio D. C. and Stone,John E. and
  Ribeiro,João V. and Bernardi,Rafael C. and Buch,Ronak and Fiorin,Giacomo and Hénin,Jérôme and
  Jiang,Wei and McGreevy,Ryan and Melo,Marcelo C. R. and Radak,Brian K. and Skeel,Robert D. and
  Singharoy,Abhishek and Wang,Yi and Roux,Benoît and Aksimentiev,Aleksei and
  Luthey-Schulten,Zaida and Kalé,Laxmikant V. and Schulten,Klaus and Chipot,Christophe and
  Tajkhorshid,Emad},
  title = {Scalable molecular dynamics on CPU and GPU architectures with NAMD},
  journal = {Journal of Chemical Physics},
  volume = {153},
  number = {4},
  pages = {044130},
  year = {2020},
  url = {https://doi.org/10.1063/5.0014475}
}

@article{charmm,
  author = {Brooks, B. R. and Brooks, C. L. and Mackerell, A. D. and Nilsson, L. and Petrella, R. J. and Roux, B. and Won, Y. and Archontis, G. and Bartels, C. and Boresch, S. and Caflisch, A. and Caves, L. and Cui, Q. and Dinner, A. R. and Feig, M. and Fischer, S. and Gao, J. and Hodoscek, M. and Im, W. and Kuczera, K. and Lazaridis, T. and Ma, J. and Ovchinnikov, V. and Paci, E. and Pastor, R. W. and Post, C. B. and Pu, J. Z. and Schaefer, M. and Tidor, B. and Venable, R. M. and Woodcock, H. L. and Wu, X. and Yang, W. and York, D. M. and Karplus, M.},
  title = {CHARMM: The biomolecular simulation program},
  journal = {Journal of Computational Chemistry},
  volume = {30},
  number = {10},
  pages = {1545--1614},
  year = {2009},
  url = {https://doi.org/10.1002/jcc.21287},
}

@article{acemd,
  author = {Harvey, M. J. and Giupponi, G. and Fabritiis, G. De},
  title = {ACEMD: Accelerating Biomolecular Dynamics in the Microsecond Time Scale},
  journal = {Journal of Chemical Theory and Computation},
  volume = {5},
  number = {6},
  pages = {1632--1639},
  year = {2009},
  URL = {https://doi.org/10.1021/ct9000685}
}

@article{plumed,
  Author = {Tribello, Gareth A. and Bonomi, Massimiliano and Branduardi, Davide and Camilloni, Carlo and Bussi, Giovanni},
  Journal = {Computer Physics Communications},
  Number = 2,
  Volume = 185,
  Pages = {604--613},
  Title = {PLUMED 2: New feathers for an old bird},
  Year = 2014,
  url = {https://doi.org/10.1016/j.cpc.2013.09.018}  
}

@article{petr,
  Author = {Hošek, Petr and Spiwok, Vojtěch},
  Journal = {Computer Physics Communications},
  Volume = 198,
  Pages = {222--229},
  Title = {Metadyn View: Fast web-based viewer of free energy surfaces calculated, by metadynamics},
  Year = 2016,
  url = {https://doi.org/10.1016/j.cpc.2015.08.037}
}

@article{relenza,
  Author = {Itzstein, Mark von and Wu, Wen-Yang and Kok, Gaik B. and Pegg, Michael S. and Dyasson, Jeffrey C. and Jin, Betty and Phan, Tho Van and Smythe, Mark L. and White, Hume F. and Oliver, Stuart W. and Colman, Peter M. and Varghese, Joseph N. and Ryan, D. Michael and Woods, Jacqueline M. and Bathell, Richard C. and Hotham, Vanessa J. and Cameron, Janet M. and Penn, Charles R.},
  Journal = {Nature},
  Volume = 363,
  Pages = {418--423},
  Title = {Rational design of potent sialidase-based inhibitors of influenza virus replication},
  Year = 1993,
  url = {https://doi.org/10.1038/363418a0}
}

@article{neb,
  author = {Henkelman, Graeme and Jónsson, Hannes},
  title = {Improved tangent estimate in the nudged elastic band method for finding minimum energy paths and saddle points},
  journal = {The Journal of Chemical Physics},
  volume = {113},
  number = {22},
  pages = {9978--9985},
  year = {2000},
  URL = {https://doi.org/10.1063/1.1323224}
}

@article{eyring,
  Author = {Eyring, Henry},
  Journal = {The Journal of Chemical Physics },
  Number = 2,
  Volume = 3,
  Title = {The Activated Complex in Chemical Reactions},
  Year = 1935,
  url = {https://doi.org/10.1063/1.1749604}
}

@article{ildn,
  author = {Lindorff-Larsen, Kresten and Piana, Stefano and Palmo, Kim and Maragakis, Paul and Klepeis, John L. and Dror, Ron O. and Shaw, David E.},
  title = {Improved side-chain torsion potentials for the Amber ff99SB protein force field},
  journal = {Proteins: Structure, Function, and Bioinformatics},
  volume = {78},
  number = {8},
  pages = {1950--1958},
  year = {2010},
  url = {https://doi.org/10.1002/prot.22711}
}

@article{tip3p,
  Author = {Jorgensen, William L. and Chandrasekhar, Jayaraman  and Jeffry D. Madura
and Impey, Roger W. and Klein, Michael L.},
  Journal = {The Journal of Chemical Physics},
  Number = 2,
  Volume = 79,
  Pages = {926},
  Title = {Comparison of simple potential functions for simulating liquid water},
  Year = 1983,
  url = {https://doi.org/10.1063/1.445869}
}

@article{vrescale,
  Author = {Bussi, Giovanni and Davide Donadio and Michele Parrinello},
  Title = {Canonical sampling through velocity rescaling},
  Journal = {Journal of Chemical Physics},
  Volume = 1,
  Number = 126,
  Pages = {014101},
  Year = 2007,
  url = {https://doi.org/10.1063/1.2408420}
}

@article{nest,
  Author = "{PLUMED consortium}",
  Title = {Promoting transparency and reproducibility in enhanced
           molecular simulations},
  Journal = {Nature Methods},
  Volume = 16,
  Pages = {670-673},
  Year = 2019,
  url = {https://doi.org/10.1038/s41592-019-0506-8}
}
