@Book{plotly,
    author = {Carson Sievert},
    title = {{Interactive Web-Based Data Visualizatio}n with R, plotly, and shiny},
    publisher = {Chapman and Hall/CRC},
    year = {2020},
    isbn = {9781138331457},
    url = {https://plotly-r.com},
  }

@Manual{crosstalk,
  title = {{crosstalk}: Inter-Widget Interactivity for HTML Widgets},
  author = {Joe Cheng and Carson Sievert},
  year = {2021},
  note = {R package version 1.1.1},
  url = {https://CRAN.R-project.org/package=crosstalk},
}

@article{RJ-2021-050,
  author = {Earo Wang and Dianne Cook},
  title = {Conversations in time: interactive visualisation to explore
          structured temporal data},
  year = {2021},
  journal = {The R Journal},
  doi = {10.32614/RJ-2021-050},
  url = {https://journal.r-project.org/archive/2021/RJ-2021-050/index.html}
}

@Manual{palmerpenguins,
  title = {{palmerpenguins}: Palmer Archipelago (Antarctica) penguin data},
  author = {Allison Marie Horst and Alison Presmanes Hill and Kristen B Gorman},
  year = {2020},
  note = {R package version 0.1.0},
  url = {https://allisonhorst.github.io/palmerpenguins/},
}

@article {MR3437172,
    author = {Elvira {Di Nardo}},
    title = {Symbolic calculus in mathematical statistics: a review},
   JOURNAL = {S\'{e}minaire Lotharingien de Combinatoire},
    volume= {67},
    year= {2011},
    pages = {Art. B67a, 72},
    url = {https://www.mat.univie.ac.at/~slc/wpapers/s67dinardo.pdf}
}

@article {MR2303087,
    author = {Jammalamadaka, S. Rao and Rao, T. Subba and Terdik, Gy\"{o}rgy},
     title = {Higher order cumulants of random vectors and applications to
              statistical inference and time series},
    JOURNAL = {Sankhy\={a}. The Indian Journal of Statistics},
    volume = {68},
      year = {2006},
    number = {2},
     pages = {326--356},
     url={https://www.jstor.org/stable/25053499}
}

@incollection {rao1999some,
    AUTHOR = {Rao, T. Subba and Wong, W. K.},
     TITLE = {Some contributions to multivariate nonlinear time series and
              to bilinear models},
 BOOKTITLE = {Asymptotics, nonparametrics, and time series},
    SERIES = {Statist. Textbooks Monogr.},
    VOLUME = {158},
     PAGES = {259--294},
 PUBLISHER = {Dekker, New York},
      YEAR = {1999},
}

@article {MR2576676,
    AUTHOR = {Dimitrakopoulos, Roussos and Mustapha, Hussein and Gloaguen,
              Erwan},
     TITLE = {High-order statistics of spatial random fields: exploring
              spatial cumulants for modeling complex non-{G}aussian and
              non-linear phenomena},
   JOURNAL = {Mathematical Geosciences},
    VOLUME = {42},
      YEAR = {2010},
    NUMBER = {1},
     PAGES = {65--99},
       URL = {https://doi.org/10.1007/s11004-009-9258-9},
}

@ARTICLE{1458151,
  author={Giannakis, G.B.},
  journal={Proceedings of the IEEE}, 
  title={Cumulants: A powerful tool in signal processing}, 
  year={1987},
  volume={75},
  number={9},
  pages={1333-1334},
  url={https://doi.org/10.1109/PROC.1987.13884}}

@Article{systems9020046,
AUTHOR = {Oualla, Hicham and Fateh, Rachid and Darif, Anouar and Safi, Said and Pouliquen, Mathieu and Frikel, Miloud},
TITLE = {Channel Identification Based on Cumulants, Binary Measurements, and Kernels},
JOURNAL = {Systems},
VOLUME = {9},
YEAR = {2021},
NUMBER = {2},
ARTICLE-NUMBER = {46},
URL = {https://doi.org/10.3390/systems9020046}
}

@incollection{Peccati,
  author       = {Peccati, Giovanni and Taqqu, Murad S.}, 
  title        = { Combinatorial expressions of cumulants and moments},
  booktitle    = {Wiener Chaos: Moments, Cumulants and Diagrams.},
  publisher    = {Bocconi \& Springer Series},
  year         = {2011},
  editor       = {Springer, Milano},
  volume       = {1},
  pages        = {201-213}
}

@article{ferreira1997cumulants,
  title={Cumulants as non-Gaussian qualifiers},
  author={Ferreira, Pedro G and Magueijo, Joao and Silk, Joseph},
  journal={Physical Review D},
  volume={56},
  number={8},
  pages={4592},
  year={1997},
  publisher={APS},
  url={https://doi.org/10.1103/PhysRevD.56.4592}
}

@INPROCEEDINGS{6100593,
  author={Geng, Min and Liang, Huaqing and Wang, Junwu},
  booktitle={2011 4th International Congress on Image and Signal Processing}, 
  title={Research on methods of higher-order statistics for phase difference detection and frequency estimation}, 
  year={2011},
  volume={4},
  pages={2189-2193},
  url={https://doi.org/10.1109/CISP.2011.6100593}}

@ARTICLE{9754714,
  author={Smith, Kevin D. and Jafarpour, Saber and Swami, Ananthram and Bullo,   Francesco},
  journal={IEEE/ACM Transactions on Networking}, 
  title={Topology Inference With Multivariate Cumulants: The Möbius Inference Algorithm}, 
  year={2022},
  pages={1-15},
  url={https://doi.org/10.1109/TNET.2022.3164336}}

@article {MR2721349,
    AUTHOR = {Staude, Benjamin and Rotter, Stefan and Gr\"{u}n, Sonja},
     TITLE = {Cu{BIC}: cumulant based inference of higher-order correlations
              in massively parallel spike trains},
   JOURNAL = {Journal of Computational Neuroscience},
    VOLUME = {29},
      YEAR = {2010},
    NUMBER = {1-2},
     PAGES = {327--350},
       URL = {https://doi.org/10.1007/s10827-009-0195-x},
}

@article {MR4129101,
    AUTHOR = {Di Nardo, E. and Marena, M. and Semeraro, P.},
     TITLE = {On non-linear dependence of multivariate subordinated {L}\'{e}vy
              processes},
   JOURNAL = {Statistics \& Probability Letters},
    VOLUME = {166},
      YEAR = {2020},
     PAGES = {108870--108877},
       URL = {https://doi.org/10.1016/j.spl.2020.108870},
}

@article{robson1957applications,
author = { D. S.   Robson },
title = {Applications of Multivariate Polykays to the Theory of Unbiased Ratio-Type Estimation},
journal = {Journal of the American Statistical Association},
volume = {52},
number = {280},
pages = {511-522},
year  = {1957},
publisher = {Taylor & Francis},
URL = {https://www.tandfonline.com/doi/abs/10.1080/01621459.1957.10501407},
}

@incollection {MR1724701,
    AUTHOR = {Rao, T. Subba and Wong, W. K.},
     TITLE = {Some contributions to multivariate nonlinear time series and
              to bilinear models},
 BOOKTITLE = {Asymptotics, nonparametrics, and time series},
    SERIES = {Statist. Textbooks Monogr.},
    VOLUME = {158},
     PAGES = {259--294},
 PUBLISHER = {Dekker, New York},
      YEAR = {1999},
   MRCLASS = {62M10 (62-02 62H99)},
  MRNUMBER = {1724701},
}

@Manual{packkS1,
    title = {kStatistics: Unbiased Estimators for Cumulant Products and Faa Di Bruno's
    Formula},
    author = {Di Nardo, E. and Guarino, G.},
    year = {2021},
    note = {R package version 2.1},
    url = {https://CRAN.R-project.org/package=kStatistics},
  }

@misc{smith2020tutorial,
  author = {Kevin D. Smith},
  title = {A Tutorial on Multivariate $k$-Statistics and their      
      Computation},
  publisher = {arXiv},
  year = {2020},
  url = {https://arxiv.org/abs/2005.08373},
}

@misc{DG,
  author = {Guarino, G. and Senato, D. and Di Nardo, E.},
  title = {Fast Maple algorithms for $k$-statistics, polykays and their multivariate generalization},
  year={2009},
  url = {https://www.maplesoft.com/applications/view.aspx?SID=33041},
}

@book {MR1890491,
    AUTHOR = {Rose, C. and Smith, M. D.},
     TITLE = {Mathematical statistics with {M}athematica{$^\circledR$}},
    SERIES = {Springer Texts in Statistics},
 PUBLISHER = {Springer-Verlag, New York},
      YEAR = {2002},
     PAGES = {x+481},
      ISBN = {0-387-95234-9},
       URL = {https://doi.org/10.1007/978-1-4612-2072-5},
}

@book {MR1280717,
    AUTHOR = {Stuart, Alan and Ord, J. Keith},
     TITLE = {Kendall's advanced theory of statistics. {V}ol. 1},
     EDITION = {Sixth},
      NOTE = {Distribution theory},
    PUBLISHER = {Edward Arnold, London; copublished in the Americas by Halsted
              Press [John Wiley \& Sons, Inc.], New York},
      YEAR = {1994},
     PAGES = {xx+676},
      ISBN = {0-340-61430-7},
}

@book {MR907286,
    AUTHOR = {McCullagh, Peter},
     TITLE = {Tensor methods in statistics},
    SERIES = {Monographs on Statistics and Applied Probability},
 PUBLISHER = {Chapman \& Hall, London},
      YEAR = {1987},
     PAGES = {xvi+285},
      ISBN = {0-412-27480-9},
}

@Manual{packkS,
    title = {Unbiased Estimators for Cumulant Products},
    author = {Di Nardo, E. and Guarino, G.},
    year = {2019},
    note = {R package version 1.0},
    url = {https://cran.r-project.org/web/packages/kStatistics/index.html},
  }

@article {MR538226,
    AUTHOR = {Brown, James Ward},
     TITLE = {On multivariable {S}heffer sequences},
   JOURNAL = {J. Math. Anal. Appl.},
  FJOURNAL = {Journal of Mathematical Analysis and Applications},
    VOLUME = {69},
      YEAR = {1979},
    NUMBER = {2},
     PAGES = {398--410},
       URL = {https://doi.org/10.1016/0022-247X(79)90151-3},
}

@article {MR3529335,
    AUTHOR = {Di Nardo, E.},
     TITLE = {On multivariable cumulant polynomial sequences with
              applications},
   JOURNAL = {Journal of Algebraic Statistics},
    VOLUME = {7},
      YEAR = {2016},
    NUMBER = {1},
     PAGES = {72--89},
       URL = {https://doi.org/10.18409/jas.v7i1.49},
}

@article {AIP,
    AUTHOR = {Di Nardo, E. and Oliva, I.},
     TITLE = {On a Symbolic Version of Multivariate Lévy Processes},
   JOURNAL = {American Institute of Physics Conference Proceedings},
    VOLUME = {1389},
      YEAR = {2011},
    NUMBER = {1},
     PAGES = {345--348},
       URL = {https://doi.org/10.1063/1.3636735},
}

@article {MR3412229,
    AUTHOR = {Di Nardo, E.},
     TITLE = {On photon statistics parametrized by a non-central {W}ishart
              random matrix},
   JOURNAL = {Journal of Statistical Planning and Inference},
    VOLUME = {169},
      YEAR = {2016},
     PAGES = {1--12},
       URL = {https://doi.org/10.1016/j.jspi.2015.07.002},
}

@article {MR505584,
    AUTHOR = {Reiner, David L.},
     TITLE = {Multivariate sequences of binomial type},
   JOURNAL = {Studies in Applied Mathematics},
    VOLUME = {57},
      YEAR = {1976},
    NUMBER = {2},
     PAGES = {119--133},
       URL = {https://doi.org/10.1002/sapm1977572119},
}

@article {MR1915279,
    AUTHOR = {Shrivastava, HSP},
     TITLE = {Multiindex multivariable {H}ermite polynomials},
   JOURNAL = {Math. Comput. Appl.},
  FJOURNAL = {Mathematical \& Computational Applications},
    VOLUME = {7},
      YEAR = {2002},
    NUMBER = {2},
     PAGES = {139--149},
       URL = {https://doi.org/10.3390/mca7020139},
}

@article {MR2725499,
    AUTHOR = {Withers, Christopher S. and Nadarajah, Saralees},
     TITLE = {Multivariate {B}ell polynomials},
   JOURNAL = {International Journal of Computer Mathematics},
    VOLUME = {87},
      YEAR = {2010},
    NUMBER = {11},
     PAGES = {2607--2611},
       URL = {https://doi.org/10.1080/00207160802702418},
}

@article{PRIVAULT2021109161,
author = {Nicolas Privault},
title = {Recursive computation of the Hawkes cumulants},
journal = {Statistics and Probability Letters},
pages = {109161},
year = {2021},
url= {https://doi.org/10.1016/j.spl.2021.109161},
}

@article {MR2773373,
    AUTHOR = {Di Nardo, E. and Guarino, G. and Senato, D.},
     TITLE = {A new algorithm for computing the multivariate {F}a\`a di
              {B}runo's formula},
  FJOURNAL = {Applied Mathematics and Computation},
    VOLUME = {217},
      YEAR = {2011},
    NUMBER = {13},
     PAGES = {6286--6295},
       URL = {https://doi.org/10.1016/j.amc.2011.01.001},
}

@article {MR2326318,
    AUTHOR = {Leipnik, Roy B. and Pearce, Charles E. M.},
     TITLE = {The multivariate {F}a\`a di {B}runo formula and multivariate
              {T}aylor expansions with explicit integral remainder term},
    JOURNAL = {The ANZIAM Journal. The Australian \& New Zealand Industrial
              and Applied Mathematics Journal},
    VOLUME = {48},
      YEAR = {2007},
    NUMBER = {3},
     PAGES = {327--341},
       URL = {https://doi.org/10.1017/S1446181100003527},
}

@article {MR2301629,
    AUTHOR = {Savits, Thomas H.},
     TITLE = {Some statistical applications of Faà di {B}runo},
    JOURNAL = {Journal of Multivariate Analysis},
    VOLUME = {97},
      YEAR = {2006},
    NUMBER = {10},
     PAGES = {2131--2140},
       URL = {https://doi.org/10.1016/j.jmva.2006.03.001},
}

@article {MR3375628,
    AUTHOR = {Chac\'{o}n, Jos\'{e} E. and Duong, Tarn},
     TITLE = {Efficient recursive algorithms for functionals based on higher
              order derivatives of the multivariate {G}aussian density},
   JOURNAL = {Statistics and Computing},
    VOLUME = {25},
      YEAR = {2015},
    NUMBER = {5},
     PAGES = {959--974},
       URL = {https://doi.org/10.1007/s11222-014-9465-1},
}

@article {MR3707509,
    AUTHOR = {Shabat, A. B. and Efendiev, M. Kh.},
     TITLE = {On applications of {F}a\`a-di-{B}runo formula},
   JOURNAL = {Ufa Mathematical Journal},
    VOLUME = {9},
      YEAR = {2017},
    NUMBER = {3},
     PAGES = {131--136},
       URL = {https://doi.org/10.1007/s12572-017-0181-x},
}

@misc{PrivaultArxiv,
  author = {Nguwi, Jiang Yu and Penent, Guillaume and Privault, Nicolas},
  title = {A deep branching solver for fully nonlinear partial differential equations},
  publisher = {arXiv},
  year = {2022},
  url = {https://arxiv.org/abs/2203.03234},
}

@article {MR1781515,
     AUTHOR = {Mishkov, Rumen L.},
     TITLE = {Generalization of the formula of {F}aà di {B}runo for a
              composite function with a vector argument},
     JOURNAL = {International Journal of Mathematics and Mathematical
              Sciences},
     VOLUME = {24},
     YEAR = {2000},
     NUMBER = {7},
     PAGES = {481--491},
     URL = {https://doi.org/10.1155/S0161171200002970},
}

@article {MR2005276,
    AUTHOR = {{Hern\'{a}ndez Encinas}, L. and {Mu\~{n}oz Masqu\'{e}}, J.},
    TITLE = {A short proof of the generalized {F}aà di {B}runo's formula},
    JOURNAL = {Applied Mathematics Letters. An International Journal of Rapid
              Publication},
    VOLUME = {16},
    YEAR = {2003},
    NUMBER = {6},
    PAGES = {975--979},
       URL = {https://doi.org/10.1016/S0893-9659(03)90026-7},
}

@article {MR2515761,
    AUTHOR = {Ma, Tsoy-Wo},
     TITLE = {Higher chain formula proved by combinatorics},
   JOURNAL = {Electronic Journal of Combinatorics},
    VOLUME = {16},
      YEAR = {2009},
    NUMBER = {1},
     PAGES = {N21, 7},
       URL ={https://doi.org/10.37236/259},
}

@Manual{DERIV,
    title = {{Deriv}: R-based Symbolic Differentiation},
    author = {Andrew Clausen and Serguei Sokol},
    year = {2020},
    note = {Deriv package version 4.1},
    url = {https://CRAN.R-project.org/package=Deriv},
  }

@article {MR1325915,
    AUTHOR = {Constantine, G. M. and Savits, T. H.},
     TITLE = {A multivariate {F}a\`a di {B}runo formula with applications},
    JOURNAL = {Transactions of the American Mathematical Society},
    VOLUME = {348},
     YEAR = {1996},
    NUMBER = {2},
     PAGES = {503--520},  
       URL = {https://doi.org/10.1090/S0002-9947-96-01501-2},
}

@article {MR2200529,
    AUTHOR = {Hardy, Michael},
     TITLE = {Combinatorics of partial derivatives},
   JOURNAL = {Electronic Journal of Combinatorics},
    VOLUME = {13},
      YEAR = {2006},
    NUMBER = {1},
     PAGES = {Research Paper 1, 13},
       URL = {http://www.combinatorics.org/Volume_13/Abstracts/v13i1r1.html},
}

@book {MR1937238,
    AUTHOR = {Charalambides, Charalambos A.},
     TITLE = {Enumerative combinatorics},
    SERIES = {CRC Press Series on Discrete Mathematics and its Applications},
 PUBLISHER = {Chapman \& Hall/CRC, Boca Raton, FL},
      YEAR = {2002},
     PAGES = {xvi+609},
}

@phdthesis{survey,
    AUTHOR   = {Mihoubi, Miloud},
    TITLE   = {Polynômes multivariés de Bell et polynômes de type binomial.},
    SCHOOL   = {L'Université des Sciences et de la Technologie Houari Boumedienne},
    YEAR     = {2008},  
}

@Article{partitions,
    title = {Additive integer partitions in R},
    author = {R. K. S. Hankin},
    journal = {Journal of Statistical Software, Code Snippets},
    year = {2006},
    volume = {16},
    issue = {1},
  }

@Manual{nilde,
    title = {nilde: Nonnegative Integer Solutions of Linear Diophantine Equations
with Applications},
    author = {Natalya Pya Arnqvist and Vassilly Voinov and Rashid Makarov and Yevgeniy Voinov},
    year = {2021},
    note = {R package version 1.1-6},
    url = {https://CRAN.R-project.org/package=nilde},
  }

@article{Voinov1439641,
   author = {Voinov, Vassilly and Pya Arnqvist, Natalya},
   journal = {Mathematical Journal},
   number = {1},
   pages = {69--76},
   title = {R-software for additive partitioning of positive integers},
   volume = {17},
   URL = {http://www.math.kz/media/journal/journal2018-05-1574083.pdf},
   year = {2017}
}

@article{joanes1998comparing,
  title={Comparing measures of sample skewness and kurtosis},
  author={Joanes, Derrick N and Gill, Christine A},
  journal={Journal of the Royal Statistical Society: Series D (The Statistician)},
  volume={47},
  number={1},
  pages={183--189},
  year={1998},
  publisher={Wiley Online Library}
}

@book {MR741185,
    AUTHOR = {Roman, Steven},
     TITLE = {The umbral calculus},
    SERIES = {Pure and Applied Mathematics},
    VOLUME = {111},
 PUBLISHER = {Academic Press, Inc. [Harcourt Brace Jovanovich, Publishers],
              New York},
      YEAR = {1984},
     PAGES = {x+193},
}

@misc{Leeuw,
  author = {{De Leeuw, J.}},
  title = {Multivariate {C}umulates in {R}},
  url = {https://escholarship.org/uc/item/1fw1h53c},
  YEAR = {2012},
}

@article {MR3809541,
    AUTHOR = {Domino, Krzysztof and Gawron, Piotr and Pawela, \L ukasz},
     TITLE = {Efficient computation of higher-order cumulant tensors},
   JOURNAL = {SIAM J. Sci. Comput.},
  FJOURNAL = {SIAM Journal on Scientific Computing},
    VOLUME = {40},
      YEAR = {2018},
    NUMBER = {3},
     PAGES = {A1590--A1610},
       URL = {https://doi.org/10.1137/17M1149365},
}

@incollection {MR2427666,
    AUTHOR = {Boyer, Robert P. and Goh, William M. Y.},
     TITLE = {Partition polynomials: asymptotics and zeros},
 BOOKTITLE = {Tapas in experimental mathematics},
    SERIES = {Contemp. Math.},
    VOLUME = {457},
     PAGES = {99--111},
 PUBLISHER = {Amer. Math. Soc., Providence, RI},
      YEAR = {2008},
       URL = {https://doi.org/10.1090/conm/457/08904},
}

@article {MR2186441,
    AUTHOR = {Bernardini, A. and Natalini, P. and Ricci, P. E.},
     TITLE = {Multidimensional {B}ell polynomials of higher order},
   JOURNAL = {Comput. Math. Appl.},
  FJOURNAL = {Computers \& Mathematics with Applications. An International
              Journal},
    VOLUME = {50},
      YEAR = {2005},
    NUMBER = {10-12},
     PAGES = {1697--1708},
      ISSN = {0898-1221},
       URL = {https://doi.org/10.1016/j.camwa.2005.05.008},
}

@Article{sym11020288,
AUTHOR = {Kim, Taekyun and Kim, Dae San and Jang, Gwan-Woo},
TITLE = {On Central Complete and Incomplete Bell Polynomials I},
JOURNAL = {Symmetry},
VOLUME = {11},
YEAR = {2019},
NUMBER = {2},
ARTICLE-NUMBER = {288},
URL = {https://www.mdpi.com/2073-8994/11/2/288},
}

