@ARTICLE{Bollerslev86,
	author = {Bollerslev, T.},
	year = 1986,
	title = {Generalized autoregressive conditional heteroscedasticity},
	journal = {Journal of Econometrics},
	volume = 31,
	pages = {307-327}
}
@ARTICLE{Bollerslevetal92a,
	author = {Bollerslev, T. and Wooldridge, J.M.},
	year = 1992,
	title = {Quasi-{M}aximum {L}ikelihood {E}stimation and {I}nference in {D}ynamic {M}odels with {T}ime {V}arying {C}ovariances},
	journal = {Econometric Reviews},
	volume = 11,
	pages = {143-172}
}
@INCOLLECTION{BrownleesCipolliniGallo2012,
	author  = {Brownlees, C.T. and Cipollini, F. and Gallo, G.M.},
	year = 2012,
	title = {{M}ultiplicative {E}rror {M}odels},
	editor = {Bauwens, Luc and Hafner, Christian and Laurent, Sebastien},
	booktitle = {Handbook of Volatility Models and Their Applications},
	pages = {223-247},
	publisher = {Wiley},
	address = {New Jersey}
}
@ARTICLE{DrostNijman1993,
	author = {Drost, Feike C. and Nijman, Theo E.},
	year = 1993,
	title = {{T}emporal {A}ggregation of {G}arch {P}rocesses},
	journal = {Econometrica},
	volume = 61,
	pages = {909-927}
}
@ARTICLE{Engle82,
	author = {Engle, Robert},
	year = 1982,
	title = {Autoregressive {C}onditional {H}eteroscedasticity with {E}stimates of the {V}ariance of {U}nited {K}ingdom {I}nflations},
	journal = {Econometrica},
	volume = 50,
	pages = {987-1008}
}
@ARTICLE{EngleRussell1998,
	author = {Engle, Robert F. and Russell, Jeffrey R.},
	year = 1998,
	title = {{A}utoregressive {C}onditional {D}uration: {A} {N}ew {M}odel of {I}rregularly {S}paced {T}ransaction {D}ata},
	journal = {Econometrica},
	volume = 66,
	pages = {1127-1162},
}
@ARTICLE{Escanciano2009,
	author = {Escanciano, Juan Carlos},
	year = 2009,
	title = {{Q}uasi-maximum likelihood estimation of semi-strong {GARCH} models},
	journal = {Econometric Theory},
	volume = 25,
	pages = {561-570}
}
@ARTICLE{FrancqThieu2018,
	author = {Francq, Christian and Thieu, Le Quyen},
	year = 2018,
	title = {{Q}ml inference for volatility models with covariates},
	journal = {Econometric Theory},
	note = {\url{https://doi.org/10.1017/S0266466617000512}},
	doi = { https://doi.org/10.1017/S0266466617000512}
}
@BOOK{FrancqZakoian2019,
	author = {Francq, Christian and Zako{\"i}an, Jean-Michel},
	year = 2019,
	title = {{GARCH} {M}odels},
	note = {2nd. Edition},
	publisher = {Wiley},
	address = {New York}
}
@ARTICLE{Geweke86,
	author = {Geweke, J.},
	year = 1986,
	title = {Modelling the {P}ersistence of {C}onditional {V}ariance: {A} {C}omment},
	journal = {Econometric {R}eviews},
	volume = 5,
	pages = {57-61}
}
@Manual{Ghalanos2020,
	title = {rugarch: Univariate GARCH Models},
	author = {Alexios Ghalanos},
	year = {2020},
	note = {R package version 1.4-2},
	url = {https://CRAN.R-project.org/package=rugarch},
}
@ARTICLE{Hansen1994,
	author = {Hansen, Bruce E.},
	year = 1994,
	title = {Autoregressive {C}onditional {D}ensity {E}stimation},
	journal = {International Economic Review},
	volume = 35,
	pages = {705-730}
}
@ARTICLE{HansenHuangSchek2012,
	author = {Hansen, Peter Reinhard and Huan, Zhuo and Shek, Howard Howan},
	year = 2012,
	title = {{R}ealized {GARCH}: {A} {J}oint {M}odel for {R}eturns and {R}ealized {M}easures of {V}olatility},
	journal = {Journal of Applied Econometrics},
	volume = 27,
	pages = {877-906}
}
@Manual{Mersmann2019,
	title = {microbenchmark: Accurate Timing Functions},
	author = {Olaf Mersmann},
	year = {2019},
	note = {R package version 1.4-7},
	url = {https://CRAN.R-project.org/package=microbenchmark},
}
@UNPUBLISHED{Milhoj1987,
	AUTHOR = {Milh{\o}j, Anders},
	TITLE = {{A} {M}ultiplicative {P}arametrization of {ARCH} {M}odels},
	NOTE = {Research Report 101, University of Copenhagen: Institute of Statistics},
	year = {1987},
	source = {University of Copenhagen: Institute of Statistics}
}
@ARTICLE{Pantula86,
	author = {Pantula, S.G.},
	year = 1986,
	title = {Modelling the {P}ersistence of {C}onditional {V}ariance: {A} {C}omment},
	journal = {Econometric {R}eviews},
	volume = 5,
	pages = {71-73}
}
@Manual{RyanUlrich2020,
	title = {xts: eXtensible Time Series},
	author = {Jeffrey A. Ryan and Joshua M. Ulrich},
	year = {2014},
	note = {R package version 0.12-0},
	url = {https://CRAN.R-project.org/package=xts},
}
@Manual{Sucarrat2020,
	title = {garchx: Flexible and Robust GARCH-X Modelling},
	author = {Genaro Sucarrat},
	year = {2020},
	note = {R package version 1.1},
	url = {https://CRAN.R-project.org/package=garchx},
}
@ARTICLE{SucarratGronneberg2020,
	author = {Sucarrat, Genaro and Gr{\o}nneberg, Steffen},
	year = 2020,
	title = {{R}isk {E}stimation with a {T}ime {V}arying {P}robability of {Z}ero {R}eturns},
	journal = {Journal of Financial Econometrics},
	note = {Forthcoming. DOI: \url{https://doi.org/10.1093/jjfinec/nbaa014} }
}
@Manual{TraplettiHornik2019,
	title = {tseries: Time Series Analysis and Computational Finance},
	author = {Adrian Trapletti and Kurt Hornik},
	year = {2019},
	note = {R package version 0.10-47},
	url = {https://CRAN.R-project.org/package=tseries},
}
@Manual{WuertzSetzChalabiBoudtChausseMiklovac2020,
	title = {fGarch: Rmetrics - Autoregressive Conditional Heteroskedastic Modelling},
	author = {Diethelm Wuertz and Tobias Setz and Yohan Chalabi and Chris Boudt and Pierre Chausse and Michal Miklovac},
	year = {2020},
	note = {R package version 3042.83.2},
	url = {https://CRAN.R-project.org/package=fGarch},
}
@Article{ZeileisGrothendieck2005,
    title = {zoo: S3 Infrastructure for Regular and Irregular Time
      Series},
    author = {Achim Zeileis and Gabor Grothendieck},
    journal = {Journal of Statistical Software},
    year = {2005},
    volume = {14},
    number = {6},
    pages = {1--27},
    url = {http://www.jstatsoft.org/v14/i06/},
}
