@Manual{simpleCache,
    title = {simpleCache: Simply Caching R Objects},
    author = {VP Nagraj and Nathan Sheffield},
    year = {2021},
    note = {R package version 0.4.2},
    url = {https://CRAN.R-project.org/package=simpleCache},
  }

@Article{effectsize,
    title = {{e}ffectsize: Estimation of Effect Size Indices and Standardized Parameters},
    author = {Mattan S. Ben-Shachar and Daniel Lüdecke and Dominique Makowski},
    year = {2020},
    journal = {Journal of Open Source Software},
    volume = {5},
    number = {56},
    pages = {2815},
    publisher = {The Open Journal},
    url = {https://doi.org/10.21105/joss.02815},
  }

@book{borenstein2021,
  title={Introduction to Meta-Analysis},
  author={Borenstein, Michael and Hedges, Larry V and Higgins, Julian PT and Rothstein, Hannah R},
  year={2021},
  publisher={John Wiley \& Sons},
  isbn = {978-1119558354}
}

@book{sedlmeier2018,
  title = {Forschungsmethoden und Statistik f\"ur Psychologen und Sozialwissenschaftler},
  author = {Sedlmeier, Peter and Renkewitz, Frank},
  year = {2018},
  edition = {3rd},
  publisher = {{Pearson Studium}},
  location = {{Hallbergmoos, Germany}},
  isbn = {978-3-86894-321-4},
  langid = {ngerman}
}

@Manual{pbmcapply,
    title = {{pbmcapply}: Tracking the Progress of Mc*pply with Progress Bar},
    author = {Kevin Kuang and Quyu Kong and Francesco Napolitano},
    year = {2022},
    note = {R package version 1.5.1},
    url = {https://CRAN.R-project.org/package=pbmcapply},
  }

@Manual{core,
  title = {R: A Language and Environment for Statistical Computing},
  author = {{R Core Team}},
  organization = {R Foundation for Statistical Computing},
  address = {Vienna, Austria},
  year = {2022},
  url = {https://www.R-project.org/},
}

@article{schonbrodt2018,
  title = {Corrigendum to “{{At What Sample Size Do Correlations Stabilize}}?” [{{J}}. {{Res}}. {{Pers}}. 47 (2013) 609–612]},
  shorttitle = {Corrigendum to “{{At What Sample Size Do Correlations Stabilize}}?},
  author = {Schönbrodt, F. D. and Perugini, M.},
  year = {2018},
  journal = {Journal of Research in Personality},
  volume = {74},
  pages = {194},
  url = {https://doi.org/10.1016/j.jrp.2018.02.010}
}

@article{schonbrodt2013,
  title = {At What Sample Size Do Correlations Stabilize?},
  author = {Schönbrodt, F. D. and Perugini, M.},
  year = {2013},
  journal = {Journal of Research in Personality},
  volume = {47},
  pages = {609--612},
  url = {https://doi.org/10.1016/j.jrp.2013.05.009},
  file = {/home/jt/Zotero/storage/3IYP2TUK/Schönbrodt and Perugini - 2013 - At what sample size do correlations stabilize.pdf},
  langid = {english}
}

@article{maxwell2008,
  title = {Sample Size Planning for Statistical Power and Accuracy in Parameter Estimation},
  author = {Maxwell, S. E. and Kelley, K. and Rausch, J. R.},
  year = {2008},
  journal = {Annual Review of Psychology},
  volume = {59},
  pages = {537--563},
  url = {https://doi.org/10.1146/annurev.psych.59.103006.093735},
  eprint = {17937603},
  eprinttype = {pmid},
  file = {/home/jt/Zotero/storage/Q4LLEAVB/Maxwell et al. - 2008 - Sample Size Planning for Statistical Power and Acc.pdf}
}

@Manual{rcpp,
    title = {Rcpp: Seamless R and C++ Integration},
    author = {Dirk Eddelbuettel and Romain Francois and JJ Allaire and Kevin Ushey and Qiang Kou and Nathan Russell and Inaki Ucar and Douglas Bates and John Chambers},
    year = {2022},
    note = {R package version 1.0.9},
    url = {https://CRAN.R-project.org/package=Rcpp},
  }

@Manual{microbenchmark,
    title = {{microbenchmark}: Accurate Timing Functions},
    author = {Olaf Mersmann},
    year = {2021},
    note = {R package version 1.4.9},
    url = {https://CRAN.R-project.org/package=microbenchmark},
}

@article{algina2003,
  title = {Sample Size Tables for Correlation Analysis with Applications in Partial Correlation and Multiple Regression Analysis},
  author = {Algina, James and Olejnik, Stephen},
  year = {2003},
  journal = {Multivariate Behavioral Research},
  volume = {38},
  pages = {309--323},
  url = {https://doi.org/10.1207/S15327906MBR3803_02},
  file = {/home/jt/Zotero/storage/36WV7BTH/Algina and Olejnik - 2003 - Sample Size Tables for Correlation Analysis with A.pdf},
  langid = {english}
}

@book{cohen1988,
  title = {Statistical Power Analysis for the Behavioral Sciences},
  author = {Cohen, J.},
  year = {1988},
  publisher = {{Lawrence Erlbaum Associates}},
  location = {{Hillsdale, NJ}},
  file = {/home/jt/Zotero/storage/AQLN4JG3/Cohen - 1988 - Statistical Power Analysis for the Behavioral Scie.pdf}
}
