
@article{cirillo_sex_2020,
  title = {Sex and gender differences and biases in artificial intelligence for biomedicine and healthcare},
  volume = {3},
  issn = {2398-6352},
  url = {https://doi.org/10.1038/s41746-020-0288-5},
  doi = {10.1038/s41746-020-0288-5},
  number = {1},
  urldate = {2021-10-24},
  journal = {npj Digital Medicine},
  author = {Cirillo, Davide and Catuara-Solarz, Silvina and Morey, Czuee and Guney, Emre and Subirats, Laia and Mellino, Simona and Gigante, Annalisa and Valencia, Alfonso and Rementeria, María José and Chadha, Antonella Santuccione and Mavridis, Nikolaos},
  year = {2020},
  pages = {81}
}

@book{European-non-discrimination,
  title = {Handbook on European non-discrimination law},
  author = {{European Union Agency for Fundamental Rights and Council of Europe}},
  publisher = {Luxembourg: Publications Office of the European Union},
  note = {\url{https://fra.europa.eu/en/publication/2018/handbook-european-non-discrimination-law-2018-edition}},
  year = {2018}
}

@book{barocas-hardt-narayanan,
  title = {Fairness and Machine Learning},
  author = {Solon Barocas and Moritz Hardt and Arvind Narayanan},
  publisher = {fairmlbook.org},
  note = {\url{http://www.fairmlbook.org}},
  chapter = {Introduction},
  year = {2019},
}

 @Manual{fairness,
    title = {fairness: Algorithmic Fairness Metrics},
    author = {Nikita Kozodoi and Tibor {V. Varga}},
    year = {2021},
    note = {R package version 1.2.1},
    url = {https://CRAN.R-project.org/package=fairness},
  }

@misc{aif360-oct-2018,
    title = "{AI Fairness} 360:  An Extensible Toolkit for Detecting, Understanding, and Mitigating Unwanted Algorithmic Bias",
    author = {Rachel K. E. Bellamy and Kuntal Dey and Michael Hind and
  Samuel C. Hoffman and Stephanie Houde and Kalapriya Kannan and
  Pranay Lohia and Jacquelyn Martino and Sameep Mehta and
  Aleksandra Mojsilovic and Seema Nagar and Karthikeyan Natesan Ramamurthy and
  John Richards and Diptikalyan Saha and Prasanna Sattigeri and
  Moninder Singh and Kush R. Varshney and Yunfeng Zhang},
    month = oct,
    year = {2018},
    url = {https://arxiv.org/abs/1810.01943}
}


@article{JMLRv19,
  author  = {Przemyslaw Biecek},
  title   = {{DALEX: Explainers for Complex Predictive Models in R}},
  journal = {Journal of Machine Learning Research},
  year    = {2018},
  volume  = {19},
  number  = {84},
  pages   = {1-5},
  url     = {http://jmlr.org/papers/v19/18-416.html}
}

@article{propublica,
author = {Julia {Angwin} and Jeff {Larson} and Surya {Mattu} and and Lauren {Kirchner}},
title = {{Machine bias:
There’s software used across the country to predict future criminals. And it’s
biased against blacks}},
journal = {ProPublica},
year = {2016},
url = {https://www.propublica.org/article/machine-bias-risk-assessments-in-criminal-sentencing}
}

  @INPROCEEDINGS{8731591,
  author={P. {Lahoti} and K. P. {Gummadi} and G. {Weikum}},
  booktitle={2019 IEEE 35th International Conference on Data Engineering (ICDE)}, 
  title={[iFair: Learning Individually Fair Data Representations for Algorithmic Decision Making]}, 
  year={2019},
  pages={1334-1345},
  url={https://doi.org/10.1109/ICDE.2019.00121}}
  
@Manual{H2OAutoML,
    title = {H2O AutoML},
    author = {H2O.ai},
    year = {2017},
    month = {June},
    note = {H2O version 3.30.0.1},
    url = {http://docs.h2o.ai/h2o/latest-stable/h2o-docs/automl.html},
}

@inproceedings{statisticalparity,
author = {Dwork, Cynthia and Hardt, Moritz and Pitassi, Toniann and Reingold, Omer and Zemel, Richard},
title = {Fairness through Awareness},
year = {2012},
publisher = {Association for Computing Machinery},
address = {New York, NY, USA},
url = {https://doi.org/10.1145/2090236.2090255},
booktitle = {Proceedings of the 3rd Innovations in Theoretical Computer Science Conference},
pages = {214–226},
numpages = {13},
location = {Cambridge, Massachusetts},
series = {ITCS '12}
}

@incollection{NIPS20166374,
title = {Equality of Opportunity in Supervised Learning},
author = {Hardt, Moritz and Price, Eric and Price, Eric and Srebro, Nati},
booktitle = {Advances in Neural Information Processing Systems 29},
editor = {D. D. Lee and M. Sugiyama and U. V. Luxburg and I. Guyon and R. Garnett},
pages = {3315--3323},
year = {2016},
publisher = {Curran Associates, Inc.},
url = {http://papers.nips.cc/paper/6374-equality-of-opportunity-in-supervised-learning.pdf}
}

@article{ppv,
author = {Chouldechova, Alexandra},
year = {2016},
month = {10},
title = {Fair Prediction with Disparate Impact: A Study of Bias in Recidivism Prediction Instruments},
volume = {5},
journal = {Big Data},
url={https://doi.org/10.1089/big.2016.0047}
}
@inproceedings{ppe,
author = {Corbett-Davies, Sam and Pierson, Emma and Feller, Avi and Goel, Sharad and Huq, Aziz},
title = {Algorithmic Decision Making and the Cost of Fairness},
year = {2017},
publisher = {Association for Computing Machinery},
address = {New York, NY, USA},
url = {https://doi.org/10.1145/3097983.3098095},
booktitle = {Proceedings of the 23rd ACM SIGKDD International Conference on Knowledge Discovery and Data Mining},
pages = {797–806},
numpages = {10},
keywords = {algorithmic fairness, risk assessment, discrimination, disparate impact, pretrial detention},
location = {Halifax, NS, Canada},
series = {KDD '17}
}


@article{accuracy,
author = {Berk, Richard and Heidari, Hoda and Jabbari, Shahin and Kearns, Michael and Roth, Aaron},
year = {2017},
month = {03},
title = {Fairness in Criminal Justice Risk Assessments: The State of the Art},
journal = {Sociological Methods \& Research},
url={https://doi.org/10.1177/0049124118782533}
}


@inproceedings{disparateImpact,
author = {Feldman, Michael and Friedler, Sorelle A. and Moeller, John and Scheidegger, Carlos and Venkatasubramanian, Suresh},
title = {Certifying and Removing Disparate Impact},
year = {2015},
publisher = {Association for Computing Machinery},
address = {New York, NY, USA},
url = {https://doi.org/10.1145/2783258.2783311},
booktitle = {Proceedings of the 21th ACM SIGKDD International Conference on Knowledge Discovery and Data Mining},
pages = {259–268},
numpages = {10},
keywords = {fairness, disparate impact, machine learning},
location = {Sydney, NSW, Australia},
series = {KDD '15}
}


@article{kamiran,
author = {Kamiran, Faisal and Calders, Toon},
year = {2011},
month = {10},
pages = {},
title = {Data Pre-Processing Techniques for Classification without Discrimination},
volume = {33},
journal = {Knowledge and Information Systems},
url={https://doi.org/10.1007/s10115-011-0463-8}
}

@INPROCEEDINGS{postKamiran,
  author={F. {Kamiran} and A. {Karim} and X. {Zhang}},
  booktitle={2012 IEEE 12th International Conference on Data Mining}, 
  title={Decision Theory for Discrimination-Aware Classification}, 
  year={2012},
  volume={},
  number={},
  pages={924-929},
  url={https://doi.org/10.1109/ICDM.2012.45}}

 
@misc{adverseimpact,
author = {{Code of Federal Regulations}},
title = {SECTION 4D, UNIFORM GUIDELINES ON EMPLOYEE SELECTION PROCEDURES (1978)},
year = {1978},
url = {https://www.govinfo.gov/content/pkg/CFR-2014-title29-vol4/xml/CFR-2014-title29-vol4-part1607.xml},
} 

@inproceedings{labelwrong,
 author = {Wick, Michael and Panda, Swetasudha and Tristan, Jean-Baptiste},
 booktitle = {Advances in Neural Information Processing Systems},
 editor = {H. Wallach and H. Larochelle and A. Beygelzimer and F. d\textquotesingle Alch\'{e}-Buc and E. Fox and R. Garnett},
 pages = {8783--8792},
 publisher = {Curran Associates, Inc.},
 title = {Unlocking Fairness: a Trade-off Revisited},
 url = {https://proceedings.neurips.cc/paper/2019/file/373e4c5d8edfa8b74fd4b6791d0cf6dc-Paper.pdf},
 volume = {32},
 year = {2019}
}

@misc{2018aequitas,
     title={Aequitas: A Bias and Fairness Audit Toolkit},
     author={Saleiro, Pedro and Kuester, Benedict and Stevens, Abby and Anisfeld, Ari and Hinkson, Loren and London, Jesse and Ghani, Rayid},
     year={2018},
     url={https://arxiv.org/abs/1811.05577}}

@misc{mehrabi2019survey,
      title={A Survey on Bias and Fairness in Machine Learning}, 
      author={Ninareh Mehrabi and Fred Morstatter and Nripsuta Saxena and Kristina Lerman and Aram Galstyan},
      year={2019},
      eprint={1908.09635},
      archivePrefix={arXiv},
      primaryClass={cs.LG}, 
      url={https://arxiv.org/abs/1908.09635}}

@techreport{bird2020fairlearn,
    author = {Bird, Sarah and Dud{\'i}k, Miro and Edgar, Richard and Horn, Brandon and Lutz, Roman and Milan, Vanessa and Sameki, Mehrnoosh and Wallach, Hanna and Walker, Kathleen},
    title = {Fairlearn: A toolkit for assessing and improving fairness in {AI}},
    institution = {Microsoft},
    year = {2020},
    url = "https://www.microsoft.com/en-us/research/publication/fairlearn-a-toolkit-for-assessing-and-improving-fairness-in-ai/",
    number = {MSR-TR-2020-32},
}



@InProceedings{pmlr-v81-buolamwini18a, 
title = {Gender Shades: Intersectional Accuracy Disparities in Commercial Gender Classification}, 
author = {Joy Buolamwini and Timnit Gebru},
booktitle = {Proceedings of the 1st Conference on Fairness, Accountability and Transparency}, 
pages = {77--91},
year = {2018},
editor = {Sorelle A. Friedler and Christo Wilson},
volume = {81},
series = {Proceedings of Machine Learning Research},
address = {New York, NY, USA},
month = {23--24 Feb},
url = {http://proceedings.mlr.press/v81/buolamwini18a.html}}


@misc{facialrecognition,
author = {{Council of Europe}},
title = {Guidelines on Facial Recognition},
year={2021},
month = {28 Jan},
url = {https://www.coe.int/en/web/portal/-/facial-recognition-strict-regulation-is-needed-to-prevent-human-rights-violations-},
pdf = {https://rm.coe.int/guidelines-on-facial-recognition/1680a134f3}
} 

@misc{plecko2019fair,
      title={Fair Data Adaptation with Quantile Preservation}, 
      author={Drago Plečko and Nicolai Meinshausen},
      year={2019},
      eprint={1911.06685},
      archivePrefix={arXiv},
      primaryClass={stat.ML},
      url={https://arxiv.org/abs/1911.06685}
}

@misc{Dua2019 ,
author = "Dua, Dheeru and Graff, Casey",
year = "2017",
title = "{UCI} Machine Learning Repository",
url = "https://archive.ics.uci.edu/ml/datasets/statlog+(german+credit+data)",
institution = "University of California, Irvine, School of Information and Computer Sciences"}

@Article{ranger,
    title = {{ranger}: A Fast Implementation of Random Forests for High
      Dimensional Data in {C++} and {R}},
    author = {Marvin N. Wright and Andreas Ziegler},
    journal = {Journal of Statistical Software},
    year = {2017},
    volume = {77},
    number = {1},
    pages = {1--17},
    doi = {10.18637/jss.v077.i01},
  }
  
 @inproceedings{reuben,
author = {Binns, Reuben},
title = {On the Apparent Conflict between Individual and Group Fairness},
year = {2020},
isbn = {9781450369367},
publisher = {Association for Computing Machinery},
address = {New York, NY, USA},
url = {https://doi.org/10.1145/3351095.3372864},
doi = {10.1145/3351095.3372864},
booktitle = {Proceedings of the 2020 Conference on Fairness, Accountability, and Transparency},
pages = {514–524},
numpages = {11},
keywords = {individual fairness, discrimination, machine learning, justice, fairness, statistical parity},
location = {Barcelona, Spain},
series = {FAT* '20}
}

@article{KOZODOI2021,
title = {Fairness in credit scoring: Assessment, implementation and profit implications},
journal = {European Journal of Operational Research},
year = {2021},
issn = {0377-2217},
doi = {https://doi.org/10.1016/j.ejor.2021.06.023},
url = {https://doi.org/10.1016/j.ejor.2021.06.023},
author = {Nikita Kozodoi and Johannes Jacob and Stefan Lessmann},
keywords = {OR in banking, Machine learning, Algorithmic fairness, Credit scoring}
}

@misc{EUhandbook,
title = {Handbook on European non-discrimination law}, 
year = {2018},
author = {{European Union Agency for Fundamental Rights}}, 
doi = {https://doi.org/10.2811/792676}
}

@article{Agrawal2020DebiasingCI,
  title={Debiasing Classifiers: Is Reality at Variance With Expectation?},
  author={Ashrya Agrawal and Florian Pfisterer and B. Bischl and Jiahao Chen and Srijan Sood and Sameena Shah and Francois Buet-Golfouse and Bilal Akhter Mateen and Sebastian Vollmer},
  journal={Electronic},
  year={2020}
}

@article{regression,
  title={Fairness Measures for Regression via Probabilistic Classification},
  author={Daniel C. Steinberg and Alistair Reid and Simon Timothy O'Callaghan},
  journal={ArXiv},
  year={2020},
  volume={abs/2001.06089}
}


@Book{ema2021,
  author = {Przemyslaw Biecek and Tomasz Burzykowski},
  title = {{Explanatory Model Analysis}},
  publisher = {Chapman and Hall/CRC, New York},
  year = {2021},
  isbn = {9780367135591},
  url = {https://pbiecek.github.io/ema/},
}



