% put bibtex entries here!
@Manual{rjtools,
    title = {{rjtools: Tools for Preparing, Checking, and Submitting Articles to the R
Journal}},
    author = {Mitchell O'Hara-Wild and Stephanie Kobakian and H. Sherry Zhang and Di Cook and Christophe Dervieux},
    year = {2022},
    note = {R package version 1.0.1},
    url = {https://github.com/rjournal/rjtools},
  }

@article{10sr,
    author = {Rocío Joo and Andrea Sánchez-Tapia and Sara Mortara and Yanina {Bellini Saibene}  and Heather Turner and Dorothea {Hug Peter} and Natalia {Soledad Morandeira} and Matt Bannert and Batool Almazrouq and Elizabeth Hare and Laura Ación and Juan {Pablo Narváez-Gómez} and Marcela {Alfaro Córdoba} and Federico Marini and Rita Giordano and Silvia Canelón and Anicet Ebou and Adithi R. Upadhya and Joselyn Chávez and Janani Ravi},
    journal = {PLOS Computational Biology},
    publisher = {Public Library of Science},
    title = {Ten simple rules to host an inclusive conference},
    year = {2022},
    month = {07},
    volume = {18},
    url = {https://doi.org/10.1371/journal.pcbi.1010164},
    pages = {1-13},
    number = {7},

}