@article{Abaurrea15,
  author = {Abaurrea, J. and As\'{\i}n, J. and Cebri\'an, A. C.},
  journal = {Stoch. Environ. Res. Risk. Assess.},
  pages = {309-322},
  publisher = {Springer Berlin Heidelberg},
  title = "Modeling and projecting the occurrence of bivariate extreme heat events using a non-homogeneous common {P}oisson shock process",
      VOLUME={29},
  year ={2015}
}


@article{Albert15,
	author = "Albert, MÃ©lisande and Bouret, Yann and Fromont, Magalie and Reynaud-Bouret, Patricia",
	fjournal = "The Annals of Statistics",
	journal = "Ann. Statist.",
	number = "6",
	pages = "2537--2564",
	publisher = "The Institute of Mathematical Statistics",
	title = "Bootstrap and permutation tests of independence for point processes",
	volume = "43",
	year = "2015"
}


  @Book{Baddeley15,
	title = "Spatial Point Patterns: Methodology and Applications with
	{R}",
	author = "Adrian Baddeley and Ege Rubak and Rolf Turner",
	year = "2015",
	publisher = "Chapman \& Hall/CRC Press"
}


    @ARTICLE{Cebrian15,
	AUTHOR="Cebri\'{a}n, A. C. and Abaurrea, J. and As\'{\i}n, J. ",
	TITLE="{NHPoisson}: An {R} Package for Fitting and Validating  Nonhomogeneous {Poisson} Processes",
	JOURNAL="J. Stat. Softw.",
	YEAR="2015",
	VOLUME="64",
	NUMBER="6",
	PAGES="1-25"
}



@article{Cebrian20,
	author = " Cebri\'{a}n, A. C.  and   Abaurrea, J.  and   As\'{\i}n, J.",
	title = "Testing independence between two nonhomogeneous point processes in time",
	journal = "Journal of Statistical Computation and Simulation",
	volume = "0",
	number = "0",
	pages = "1-24",
	year  = "2020",
	publisher = "Taylor and Francis"
}


    @ARTICLE{Coles99,
	AUTHOR="Coles, S. and Heffernan, J. and Tawn, J.",
	TITLE="Dependence measures for extreme value analysis",
	JOURNAL="Extremes",
	YEAR="1999",
	VOLUME="2",
	NUMBER="4",
	PAGES="339-65"
}

@Article{Cronie16,
	author="Cronie, O.
	and van Lieshout, M. N. M.",
	title="Summary statistics for inhomogeneous marked point processes",
	journal="Ann. Inst. Statist. Math.",
	year="2016",
	volume="68",
	number="4",
	pages="905--928"
}

@BOOK{Dutilleul11,
	AUTHOR="Dutilleul, P.",
	TITLE="Spatio-temporal heterogeneity: {C}oncepts and analyses",
	PUBLISHER="CUP",
	YEAR="2011"
}


@article{Giles19,
	author = {John R. Giles and Henrik Salje and Justin Lessler},
	title = "The {IDSpatialStats} {R} Package: Quantifying Spatial Dependence
	of Infectious Disease Spread",
	year = {2019},
	journal = {The R Journal},
	pages = {308--327},
	volume = {11},
	number = {2}
}



@ARTICLE{Keilson94,
	AUTHOR="Keilson, J. and Servi, L.D.",
	TITLE="Networks of nonhomogeneous	${M}/ {G}/ \infty$ systems",
	JOURNAL="J. Appl. Probab.",
	YEAR="1994",
	VOLUME="31",
	NUMBER="",
	PAGES="157-68"
}


@article{Lotwick82,
	title = "Methods for Analysing Spatial Processes of Several Types of Points",
	journal = "J.R. Statist. Soc. B",
	volume = "44",
	number = "",
	pages = "406-13",
	year = "1982",
	author = "Lotwick, H. W. and Silverman, B. W."
}



@article{Myllymaki17,
	author = "Myllym{\"a}ki, M. and  Mrkvicka, T. and  Grabarnik, P. and  Seijo, H. and  Hahn, U.",
	title = {Global envelope tests for spatial processes},
	journal = {J.R. Statist. Soc. B},
	volume = {79},
	number = {2},
	pages = {381-404},
	year={2017}
}

@BOOK{Ross06,
	AUTHOR="Ross, S.M.",
	TITLE="Simulation",
	PUBLISHER=" Academic Press",
	YEAR="2006",
	ADRESS=""
}


@misc{Rubin14,
	title="A test for dependence between two point processes on the real line",
	author={Patrick Rubin-Delanchy and Nicholas A. Heard},
	year={2014},
	eprint={1408.3845},
	archivePrefix={arXiv},
	primaryClass={stat.ME}
}


@article{Tuleau14,
	title="Multiple Tests Based on a {Gaussian} Approximation of the Unitary Events Method with Delayed Coincidence Count",
	author={Christine Tuleau-Malot and Amel Rouis and Franck Grammont and Patricia Reynaud-Bouret},
	journal={Neural computation},
	year={2014},
	volume={26},
	number = {7},
	pages={1408-54}
}




  @Manual{IndTestPP,
	title = "{IndTestPP}: Tests of Independence and Analysis of Dependence Between Point Processes in Time",
	author = "Ana C. Cebri\'an",
	year = "2020",
	note = "R package version 3.0",
	url = "https://CRAN.R-project.org/package=IndTestPP"
}



@Manual{mmpp,
	title = "{mmpp}: Various Similarity and Distance Metrics for Marked Point
	Processes",
	author = "Hideitsu Hino and Ken Takano and Yuki Yoshikawa and Noboru Murata",
	year = "2017",
	note = "R package version 0.6",
	url = "https://CRAN.R-project.org/package=mmpp"
}


@Manual{mppa,
	title = "{mppa}: Statistics for analysing multiple simultaneous point processes
	on the real line",
	author = "Patrick Rubin-Delanchy and Nicholas A Heard",
	year = "2014",
	note = "R package version 1.0",
	url = "https://CRAN.R-project.org/package=mppa",
}

@Article{PtProcess,
	title = "{PtProcess}: An {R} Package for Modelling Marked Point Processes Indexed by Time",
	author = {David Harte},
	journal = {Journal of Statistical Software},
	year = {2010},
	volume = {35},
	number = {8},
	pages = {1--32}
}



@Manual{NHPoisson,
	title = "{NHPoisson}: Modelling and Validation of Non Homogeneous {Poisson} Processes",
	author = {Ana C. Cebri\'an},
	year = {2020},
	note = {R package version 3.3},
	url = {https://CRAN.R-project.org/package=NHPoisson},
}


@Manual{splancs,
	title = "{splancs}: Spatial and Space-Time Point Pattern Analysis",
	author = "Barry Rowlingson and Peter Diggle",
	year = {2017},
	note = {R package version 2.01-40},
	url = {https://CRAN.R-project.org/package=splancs},
}

@Manual{stpp,
	title = "{stpp}: Space-Time Point Pattern Simulation, Visualisation and Analysis",
	author = "Edith Gabriel and Peter J Diggle and Barry Rowlingson and Francisco J Rodriguez-Cortes",
	year = {2020},
	note = {R package version 2.0-4},
	url = {https://CRAN.R-project.org/package=stpp},
}






