@Manual{SN,
    title = {IndexNumber: Index Numbers in Social Sciences},
    author = {Alejandro Saavedra-Nieves and Paula Saavedra-Nieves},
    year = {2021},
    note = {R package version 1.3.2},
  }


@Manual{micEconIndex,
    title = {micEconIndex: Price and Quantity Indices},
    author = {Arne Henningsen},
    year = {2017},
    note = {R package version 0.1-6},
    url = {https://CRAN.R-project.org/package=micEconIndex},
  }


@Manual{PriceIndices,
    title = {PriceIndices: Calculating Bilateral and Multilateral Price Indexes},
    author = {Jacek Bialek},
    year = {2021},
    note = {R package version 0.0.4},
    url = {https://CRAN.R-project.org/package=PriceIndices},
  }

@Manual{indexnumR,
    title = {IndexNumR: Index Number Calculation},
    author = {Graham White},
    year = {2021},
    note = {R package version 0.2.0},
    url = {https://CRAN.R-project.org/package=IndexNumR},
}




@article{dutotreflections,
  title={R{\'e}flections politiques sur les finances et le commerce, Volume 1, La Haye: Les fr{\`e}res Vaillant et N},
  author={Dutot, Charles},
  publisher={La Haye: Les frères Vaillant et N. Prevost.},
  year={1738}
}

@article{carli1804,
  title={Del Valore E Della Proporzione Dei Metalli Monetati},
  author={Carli, G-R},
  journal={Scrittori Classici Italiani Di Economia Politica},
  volume={13},
  pages={297--366},
  year={1804}
}


@book{manual2004consumer,
  title={Consumer Price Index Manual: Theory and Practice},
  author={CPI\mbox{ }Manual},
  publisher={OECD, UN, Eurostat, and The World Bank by ILO, Geneva},
  year={2004}
}

@article{marshall1887remedies,
  title={Remedies for fluctuations of general prices},
  author={Marshall, Alfred},
  journal={The Contemporary review, 1866-1900},
  volume={51},
  pages={355--375},
  year={1887}
}

@book{allen1982index,
  title={Index numbers in theory and practice},
  author={Allen, Roy George Douglas},
  year={1982},
  publisher={Springer}, 
  url={https://doi.org/10.4324/9780203788677}
}

@article{kendall1969studies,
  title={Studies in the history of probability and statistics, {XXI}. {T}he early history of index numbers},
  author={Kendall, Maurice},
  journal={Revue de l'{I}nstitut {I}nternational de {S}tatistique},
  pages={1--12},
  year={1969},
  publisher={JSTOR},
  url={https://doi.org/10.2307/1402090}
}

@article{frisch1936annual,
  title={Annual survey of general economic theory: {T}he problem of index numbers},
  author={Frisch, Ragnar},
  journal={Econometrica: {J}ournal of the {E}conometric {S}ociety},
  pages={1--38},
  year={1936},
  publisher={JSTOR},
  url={https://doi.org/10.2307/1907119}
}

@article{lamm1980index,
  title={Index numbers and changes in food prices},
  author={Lamm, RM},
  journal={Agricultural {E}conomics {R}esearch},
  volume={32},
  number={2},
  pages={41--43},
  year={1980},
  publisher={US Department of Agriculture, Economics, Statistics, and Cooperatives Service}
}

@article{diewert1998index,
  title={Index number issues in the consumer price index},
  author={Diewert, W Erwin},
  journal={Journal of {E}conomic {P}erspectives},
  volume={12},
  number={1},
  pages={47--58},
  year={1998},
  url={https://doi.org/10.1257/jep.12.1.47}
}



@article{laspeyres1864hamburger,
  title={Hamburger {W}aarenpreise 1851--1863 und die californisch-australischen {G}oldentdeckungen seit 1848},
  author={Laspeyres, E},
  journal={Jahrb{\"u}cher f{\"u}r National{\"o}konomie und Statistik},
  volume={3},
  number={1},
  pages={81--118},
  year={1864},
  publisher={Lucius \& Lucius}
}

@article{palgrave1886currency,
  title={Currency and {S}tandard of {V}alue in {E}ngland, {F}rance and {I}ndia and the {R}ates of {E}xchange {B}etween these {C}ountries},
  author={Palgrave, RHI},
  journal={Memorandum submitted to the Royal Commission on Depression of Trade and Industry},
  pages={312--90},
  year={1886}
}

@article{drobisch1871ueber,
  title={Ueber {M}ittelgr{\"o}ssen und die {A}nwendbarkeit derselben auf die {B}erechnung des {S}teigens und {S}inkens des {G}eldwerths},
  author={Drobisch, MW},
  journal={Berichte der mathematisch-physicalischen Classe der k{\"o}niglich S{\"a}chsischen Gesellschaft der Wissenschaften},
  volume={1},
  year={1871}
}

@book{fleetwood1707chronicon,
  title={Chronicon {P}reciosum: {O}r, an {A}ccount of {E}nglish {M}oney: {T}he {P}rice of {C}orn, and {O}ther {C}ommodities, for the Last 600 Years. In a Letter to a Student in the University of Oxford},
  author={Fleetwood, William},
  year={1707},
  publisher={Charles Harper}
}

@article{lowe1822present,
  title={The {P}resent {S}tate of {E}ngland in {R}egard to {A}griculture},
  author={Lowe, Joseph},
  journal={Trade \& Finance},
  year={1822}
}

@book{kendall,
  title={The early history of index numbers},
  author={Kendall, M.G.},
  volume={II},
  year={1977},
  publisher={Studies in the History of Statistics and Probability},
  address={Griffin, London},
  url={https://doi.org/10.2307/1402090}
}

@article{evelyn1798account,
  title={An account of some endeavours to ascertain a standard of weight and measure. {P}hilos},
  author={Evelyn, Sir GS},
  journal={Trans},
  volume={113},
  year={1798}
}

@book{de1754reflexions,
  title={Reflexions politiques sur les finances, et le commerce},
  author={D{\^u}tot, Charles},
  volume={2},
  year={1754},
  publisher={les freres Vaillant [and] N. Prevost}
}

@book{dodge2008concise,
  title={The concise encyclopedia of statistics},
  author={Dodge, Yadolah},
  year={2008},
  publisher={Springer Science \& Business Media},
  url={https://doi.org/10.1007/978-0-387-32833-1}
}

@Inbook{ref1,
title="Simple {I}ndex {N}umber",
bookTitle="The Concise Encyclopedia of Statistics",
year="2008",
publisher="Springer New York",
address="New York, NY",
pages="490--491",
url={https://doi.org/10.1007/978-0-387-32833-1_372}
}


@book{jevons1863serious,
  title={A {S}erious {F}all in the {V}alue of {G}old {A}scertained: {A}nd {I}ts {S}ocial {E}ffects {S}et {F}orth},
  author={Jevons, William Stanley},
  year={1863},
  publisher={E. Stanford}
}

@article{coggeshall1886arithmetic,
  title={The arithmetic, geometric, and harmonic means},
  author={Coggeshall, F},
  journal={The Quarterly Journal of Economics},
  volume={1},
  number={1},
  pages={83--86},
  year={1886},
  publisher={JSTOR},
  url={https://doi.org/10.2307/1883111}
}

@article{jevons1865variation,
  title={On the variation of prices and the value of the currency since 1782},
  author={Jevons, W Stanley},
  journal={Journal of the Statistical Society of London},
  volume={28},
  number={2},
  pages={294--320},
  year={1865},
  publisher={JSTOR},
  url={https://doi.org/10.2307/2338419}
}

@book{walsh1901measurement,
  title={The measurement of general exchange-value},
  author={Walsh, Correa Moylan},
  volume={25},
  year={1901},
  publisher={Macmillan}
}

@book{fisher1922making,
  title={The making of index numbers: a study of their varieties, tests, and reliability},
  author={Fisher, Irving},
  volume={1},
  year={1922},
  publisher={Houghton Mifflin},
  url={https://doi.org/10.2307/1883934}
}

@article{sauerbeck1895index,
  title={Index {N}umbers of {P}rices},
  author={Sauerbeck, Augustus},
  journal={The Economic Journal},
  volume={5},
  number={18},
  pages={161--174},
  year={1895},
  publisher={JSTOR},
  url={https://doi.org/10.2307/2955755}
}

@book{kenney1939mathematics,
  title={Mathematics of statistics},
  author={Kenney, John F},
  year={1939},
  publisher={D. Van Nostrand},
  url={https://doi.org/10.1038/161544b0}
}

@article{persons1921fisher,
  title={Fisher's formula for index numbers},
  author={Persons, Warren M},
  journal={The Review of Economic Statistics},
  pages={103--113},
  year={1921},
  publisher={JSTOR},
  url={https://doi.org/10.2307/1928524}
}

@book{lapedes1978mcgraw,
  title={{M}cGraw-{H}ill dictionary of physics and mathematics},
  author={Lapedes, Daniel N},
  year={1978},
  publisher={McGraw-Hill}
}

@article{edgeworth1887measurement,
  title={Measurement of change in value of money i},
  author={Edgeworth, Francis Y},
  journal={First Memorandum presented to the British Association for the Advancement of Science. Reprinted in his Papers Relating to Political Economy},
  volume={1},
  pages={198--259},
  year={1887}
}

@article{laspeyres1871ix,
  title={IX. {D}ie {B}erechnung einer mittleren {W}aarenpreissteigerung.},
  author={Laspeyres, K},
  journal={Jahrb{\"u}cher f{\"u}r National{\"o}konomie und Statistik},
  volume={16},
  number={1},
  pages={296--318},
  year={1871},
  publisher={Lucius \& Lucius}
}

@misc{paasche1874ueber,
  title={{U}eber die {P}reisentwicklung der letzten {J}ahre nach den {H}amburger {B}{\"o}rsennotirungen {J}ahrb{\"u}cher f{\"u}r {N}ational{\"o}konomie und {S}tatistik, 23},
  author={Paasche, Herrmann},
  year={1874},
  publisher={S}
}

@Manual{R,
  title = {R: A Language and Environment for Statistical Computing},
  author = {{R Core Team}},
  organization = {R Foundation for Statistical Computing},
  address = {Vienna, Austria},
  year = {2016},
  note = {{ISBN} 3-900051-07-0},
  url = {https://www.R-project.org/},
}

@article{boyd2004note,
  title={A note on the {F}isher ideal index decomposition for structural change in energy intensity},
  author={Boyd, Gale A and Roop, Joseph M},
  journal={The Energy Journal},
  volume={25},
  number={1},
  year={2004},
  publisher={International Association for Energy Economics},
  url={https://doi.org/10.5547/ISSN0195-6574-EJ-Vol25-No1-5}
}

@article{ihaka:1996,
  Author = {Ihaka, Ross and Gentleman, Robert},
	Journal = {Journal of {C}omputational and {G}raphical {S}tatistics},
	Number = 3,
	Pages = {299--314},
	Title = {R: A Language for Data Analysis and Graphics},
	Volume = 5,
	Year = 1996,
        url = {https://doi.org/10.1080/10618600.1996.10474713}
}

@article{balk1995axiomatic,
  title={Axiomatic price index theory: a survey},
  author={Balk, Bert M},
  journal={International Statistical Review/Revue Internationale de Statistique},
  pages={69--93},
  year={1995},
  publisher={JSTOR},
  url={https://doi.org/10.2307/1403778}
}

@article{hill2008hedonic,
  title={Hedonic imputation and the price index problem: an application to housing},
  author={Hill, Robert J and Melser, Daniel},
  journal={Economic Inquiry},
  volume={46},
  number={4},
  pages={593--609},
  year={2008},
  publisher={Wiley Online Library},
  url={http://doi.org/10.1111/j.1465-7295.2007.00110.x}
}

@article{hill2006does,
  title={When does chaining reduce the {P}aasche--{L}aspeyres spread? {A}n application to scanner data},
  author={Hill, Robert J},
  journal={Review of Income and Wealth},
  volume={52},
  number={2},
  pages={309--325},
  year={2006},
  publisher={Wiley Online Library}
}

@article{forsyth1981theory,
  title={The theory and practice of chain price index numbers},
  author={Forsyth, FG and Fowler, Ronald F},
  journal={Journal of the Royal Statistical Society: Series A (General)},
  volume={144},
  number={2},
  pages={224--246},
  year={1981},
  publisher={Wiley Online Library},
  url={https://doi.org/10.2307/2981921}
}

@inproceedings{de1997estimation,
  title={Estimation of the {C}offee {P}rice index {U}sing scanner data: the choice of the {M}icro index},
  author={de Haan, Jan and Opperdoes, Eddy},
  booktitle={third meeting of the Ottawa Group},
  pages={16--18},
  year={1997}
}




@article{bialek2012proposition,
  title={Proposition of a general formula for price indices},
  author={Bia{\l}ek, Jacek},
  journal={Communications in Statistics-Theory and Methods},
  volume={41},
  number={5},
  pages={943--952},
  year={2012},
  publisher={Taylor \& Francis},
  url={https://doi.org/10.1080/03610926.2010.533238}
}

@article{bialek2014simulation,
  title={Simulation study of an original price index formula},
  author={Bia{\l}ek, Jacek},
  journal={Communications in Statistics-Simulation and Computation},
  volume={43},
  number={2},
  pages={285--297},
  year={2014},
  publisher={Taylor \& Francis},
  URL={https://doi.org/10.1080/03610918.2012.700367}
}

@article{reinsdorf2002additive,
  title={Additive decompositions for {F}isher, {T}{\"o}rnqvist and geometric mean indexes},
  author={Reinsdorf, Marshall B and Diewert, W Erwin and Ehemann, Christian},
  journal={Journal of Economic and Social Measurement},
  volume={28},
  number={1-2},
  pages={51--61},
  year={2002},
  publisher={IOS Press},
  url={http://dx.doi.org/10.3233/JEM-2003-0194}
}

@article{zofio2006return,
  title={Return to dollar, generalized distance function and the {F}isher productivity index},
  author={Zof{\'\i}o, Jos{\'e} L and Prieto, Angel M},
  journal={Spanish Economic Review},
  volume={8},
  number={2},
  pages={113--138},
  year={2006},
  publisher={Springer},
  url={http://dx.doi.org/10.1007/s10108-006-9004-0}
}

@article{ang2004generalized,
  title={A generalized {F}isher index approach to energy decomposition analysis},
  author={Ang, Beng Wah and Liu, FL and Chung, Hyun-Sik},
  journal={Energy Economics},
  volume={26},
  number={5},
  pages={757--763},
  year={2004},
  publisher={Elsevier},
  url={https://doi.org/10.1016/j.eneco.2004.02.002}
}


@article{danzon2000cross,
  title={Cross-national price differences for pharmaceuticals: how large, and why?},
  author={Danzon, Patricia M and Chao, Li-Wei},
  journal={Journal of health economics},
  volume={19},
  number={2},
  pages={159--195},
  year={2000},
  publisher={Elsevier}, 
  url={https://doi.org/10.1016/S0167-6296(99)00039-9}
}


@article{barnett1980economic,
  title={Economic monetary aggregates an application of index number and aggregation theory},
  author={Barnett, William A},
  journal={Journal of econometrics},
  volume={14},
  number={1},
  pages={11--48},
  year={1980},
  publisher={Elsevier},
  url={https://doi.org/10.1016/0304-4076(80)90070-6}
}

@article{dumagan2002comparing,
  title={Comparing the superlative {T}{\"o}rnqvist and {F}isher ideal indexes},
  author={Dumagan, Jesus C},
  journal={Economics Letters},
  volume={76},
  number={2},
  pages={251--258},
  year={2002},
  publisher={Elsevier},
  url={https://doi.org/10.1016/S0165-1765(02)00049-6}
}

@article{diewert2007measurement,
  title={The measurement of productivity for nations},
  author={Diewert, W Erwin and Nakamura, Alice O},
  journal={Handbook of econometrics},
  volume={6},
  pages={4501--4586},
  year={2007},
  publisher={Elsevier}, 
  url={https://doi.org/10.1016/S1573-4412(07)06066-7}
}

@article{hill1999comparing,
  title={Comparing price levels across countries using minimum-spanning trees},
  author={Hill, Robert J},
  journal={Review of Economics and Statistics},
  volume={81},
  number={1},
  pages={135--142},
  year={1999},
  publisher={MIT Press},
  url={https://doi.org/10.1162/003465399767923881}
}

@article{kakwani2002economic,
  title={Economic theory of spatial cost of living indices with application to {T}hailand},
  author={Kakwani, Nanak and Hill, Robert J},
  journal={Journal of Public Economics},
  volume={86},
  number={1},
  pages={71--97},
  year={2002},
  publisher={Elsevier},
  url={https://doi.org/10.1016/S0047-2727(00)00174-2}
}

@article{ivancic2011scanner,
  title={Scanner data, time aggregation and the construction of price indexes},
  author={Ivancic, Lorraine and Diewert, W Erwin and Fox, Kevin J},
  journal={Journal of Econometrics},
  volume={161},
  number={1},
  pages={24--35},
  year={2011},
  publisher={Elsevier},
  url={https://doi.org/10.1016/j.jeconom.2010.09.003}
}

@article{boyle1988economic,
  title={The economic theory of index numbers: {E}mpirical tests for volume indices of agricultural output},
  author={Boyle, GE},
  journal={Irish Journal of Agricultural Economics and Rural Sociology},
  pages={1--20},
  year={1988},
  publisher={JSTOR},
  url={https://www.jstor.org/stable/25556589}
}

@article{coyle2007aggregation,
  title={Aggregation of price risk over commodities: {A}n economic index number approach},
  author={Coyle, Barry T},
  journal={American Journal of Agricultural Economics},
  volume={89},
  number={4},
  pages={1085--1097},
  year={2007},
  publisher={Oxford University Press},
  url={https://doi.org/10.1111/j.1467-8276.2007.01023.x}
}

@article{su2014attribution,
  title={Attribution of changes in the generalized {F}isher index with application to embodied emission studies},
  author={Su, Bin and Ang, BW},
  journal={Energy},
  volume={69},
  pages={778--786},
  year={2014},
  publisher={Elsevier},
  url={https://doi.org/10.1016/j.energy.2014.03.074}
}

@incollection{o2018measures,
  title={Measures of {P}roductivity {C}hange},
  author={O’Donnell, Christopher J},
  booktitle={Productivity and Efficiency Analysis},
  pages={93--143},
  year={2018},
  publisher={Springer},
  url={https://doi.org/10.1007/s11123-012-0311-1}
}

@article{zhen2019scanner,
  title={Scanner data-based panel price indexes},
  author={Zhen, Chen and Finkelstein, Eric A and Karns, Shawn A and Leibtag, Ephraim S and Zhang, Chenhua},
  journal={American journal of agricultural economics},
  volume={101},
  number={1},
  pages={311--329},
  year={2019},
  publisher={Oxford University Press},
  url={http://doi.org/10.1093/ajae/aay032}
}