@preamble{"\newcommand{\noopsort}[1]{} "}

@article{Arias2004,
  title = {Profile parsimony ({{PP}}): an analysis under implied weights ({{IW}})},
  author = {Arias, J. Salvador and {Miranda-Esquivel}, Daniel Rafael},
  year = {2004},
  journal = {Cladistics},
  volume = {20},
  number = {1},
  pages = {56--63},
  doi = {10.1111/j.1096-0031.2003.00001.x}
}

@inproceedings{Arthur2007,
  title = {K-Means++: The Advantages of Careful Seeding},
  booktitle = {Proceedings of the Eighteenth Annual {{ACM-SIAM}} Symposium on {{Discrete}} Algorithms},
  author = {Arthur, David and Vassilvitskii, Sergei},
  year = {2007},
  series = {{{SODA}} '07},
  pages = {1027--1035},
  publisher = {{Society for Industrial and Applied Mathematics}},
  address = {{USA}},
  url = {https://dl.acm.org/doi/10.5555/1283383.1283494}
}

@article{Asher2021,
  title = {Phylogenetic signal and bias in paleontology},
  author = {Asher, Robert J. and Smith, Martin R.},
  year = {2022},
  journal = {Systematic Biology},
  volume = {71},
  number = {4},
  pages = {986--1008},
  doi = {10.1093/sysbio/syab072}
}

@article{Bastert2002,
  title = {Landscapes on spaces of trees},
  author = {Bastert, Oliver and Rockmore, Dan and Stadler, Peter F. and Tinhofer, Gottfried},
  year = {2002},
  journal = {Applied Mathematics and Computation},
  volume = {131},
  number = {2-3},
  pages = {439--459},
  doi = {10.1016/S0096-3003(01)00164-3}
}

@article{Bien2011,
  title = {Hierarchical clustering with prototypes via minimax linkage},
  author = {Bien, Jacob and Tibshirani, Robert},
  year = {2011},
  journal = {Journal of the American Statistical Association},
  volume = {106},
  number = {495},
  pages = {1075--1084},
  doi = {10.1198/jasa.2011.tm10183}
}

@article{Brazeau2011,
  title = {Problematic character coding methods in morphology and their effects},
  author = {Brazeau, Martin D.},
  year = {2011},
  journal = {Biological Journal of the Linnean Society},
  volume = {104},
  number = {3},
  pages = {489--498},
  doi = {10.1111/j.1095-8312.2011.01755.x}
}

@misc{Brazeau2017,
  title = {{{MorphyLib}}: a library for phylogenetic analysis of categorical trait data with inapplicability},
  author = {Brazeau, Martin D. and Smith, Martin R. and Guillerme, Thomas},
  year = {2017},
  doi = {10.5281/zenodo.815372}
}

@article{Brazeau2019,
  title = {An algorithm for morphological phylogenetic analysis with inapplicable data},
  author = {Brazeau, Martin D. and Guillerme, Thomas and Smith, Martin R.},
  year = {2019},
  journal = {Systematic Biology},
  volume = {68},
  number = {4},
  pages = {619--631},
  doi = {10.1093/sysbio/syy083}
}

@article{Brown2017,
  title = {Bayesian and likelihood phylogenetic reconstructions of morphological traits are not discordant when taking uncertainty into consideration: a comment on {{Puttick}} {\emph{et al.}}},
  author = {Brown, Joseph W. and {Parins-Fukuchi}, Caroline and Stull, Gregory W. and Vargas, Oscar M. and Smith, Stephen A.},
  year = {2017},
  journal = {Proceedings of the Royal Society B: Biological Sciences},
  volume = {284},
  number = {1864},
  pages = {20170986},
  doi = {10.1098/rspb.2017.0986}
}

@article{Carter1990,
  title = {On the distribution of lengths of evolutionary trees},
  author = {Carter, M. and Hendy, M. and Penny, D. and Sz{\'e}kely, L. A. and Wormald, N. C.},
  year = {1990},
  journal = {SIAM Journal on Discrete Mathematics},
  volume = {3},
  number = {1},
  pages = {38--47},
  doi = {10.1137/0403005}
}

@article{DeLaet2005,
	title = {Parsimony and the problem of inapplicables in sequence data},
	journal = {Parsimony, Phylogeny, and Genomics},
	author = {{De Laet}, Jan E.},
	editor = {Albert, V. A.},
	year = {2005},
	publisher = {Oxford University Press},
	address = {London},
	pages = {81--116},
	doi = {10.1093/acprof:oso/9780199297306.003.0006}
}

@article{Donoghue2009,
  title = {Distinguishing heat from light in debate over controversial fossils},
  author = {Donoghue, Philip C. J. and Purnell, Mark A.},
  year = {2009},
  journal = {BioEssays},
  volume = {31},
  number = {2},
  pages = {178--189},
  doi = {10.1002/bies.200800128}
}

@article{Estabrook1985,
  title = {Comparison of undirected phylogenetic trees based on subtrees of four evolutionary units},
  author = {Estabrook, George F. and McMorris, F. R. and Meacham, Christopher A.},
  year = {1985},
  journal = {Systematic Zoology},
  volume = {34},
  number = {2},
  pages = {193--200},
  doi = {10.2307/sysbio/34.2.193}
}

@article{Faith2001,
  title = {Towards an inclusive philosophy for phylogenetic inference},
  author = {Faith, Daniel P. and Trueman, John W. H.},
  year = {2001},
  journal = {Systematic Biology},
  volume = {50},
  number = {3},
  pages = {331--350},
  doi = {10.1080/10635150118627}
}

@article{Fitch1971,
  title = {Toward defining the course of evolution: minimum change for a specific tree topology},
  author = {Fitch, Walter M.},
  year = {1971},
  journal = {Systematic Biology},
  volume = {20},
  number = {4},
  pages = {406--416},
  doi = {10.1093/sysbio/20.4.406}
}

@article{Goeffon2008,
  title = {Progressive {{Tree Neighborhood}} applied to the {{Maximum Parsimony}} problem},
  author = {Goeffon, A. and Richer, J.-M. and {Jin-Kao Hao}},
  year = {2008},
  journal = {IEEE/ACM Transactions on Computational Biology and Bioinformatics},
  volume = {5},
  number = {1},
  pages = {136--145},
  doi = {10.1109/TCBB.2007.1065}
}

@article{Goloboff1993,
  title = {Estimating character weights during tree search},
  author = {Goloboff, Pablo A.},
  year = {1993},
  journal = {Cladistics},
  volume = {9},
  number = {1},
  pages = {83--91},
  publisher = {{Blackwell Publishing Ltd}},
  doi = {10.1111/j.1096-0031.1993.tb00209.x}
}

@article{Goloboff2008,
  title = {Weighting against homoplasy improves phylogenetic analysis of morphological data sets},
  author = {Goloboff, Pablo A. and Carpenter, James M. and Arias, J. Salvador and Esquivel, Daniel Rafael Miranda},
  year = {2008},
  journal = {Cladistics},
  volume = {24},
  number = {5},
  pages = {758--773},
  doi = {10.1111/j.1096-0031.2008.00209.x}
}

@article{Goloboff2014,
  title = {Extended implied weighting},
  author = {Goloboff, Pablo A.},
  year = {2014},
  journal = {Cladistics},
  volume = {30},
  number = {3},
  pages = {260--272},
  doi = {10.1111/cla.12047}
}

@article{Goloboff2018,
  title = {Weighted parsimony outperforms other methods of phylogenetic inference under models appropriate for morphology},
  author = {Goloboff, Pablo A. and Torres, Ambrosio and Arias, J. Salvador},
  year = {2018},
  journal = {Cladistics},
  volume = {34},
  number = {4},
  pages = {407--437},
  doi = {10.1111/cla.12205}
}

@article{Goloboff2018b,
  title = {Parsimony and model-based phylogenetic methods for morphological data: comments on {{O}}'{{Reilly}} \emph{et al}.},
  author = {Goloboff, Pablo A. and Torres Galvis, Ambrosio and Arias, J. Salvatdor},
  year = {2018},
  journal = {Palaeontology},
  volume = {61},
  number = {4},
  pages = {625--630},
  doi = {10.1111/pala.12353}
}

@article{Goloboff2021,
  title = {A reconsideration of inapplicable characters, and an approximation with step-matrix recoding},
  author = {Goloboff, Pablo A. and Laet, Jan De and R{\'i}os-Tamayo, Duniesky and Szumik, Claudia A.},
  year = {2021},
  journal = {Cladistics},
  volume = {37},
  number = {5},
  pages = {596--629},
  doi = {10.1111/cla.12456}
}

@article{Goloboff2021a,
  title = {Comparative cladistics: identifying the sources for differing phylogenetic results between competing morphology-based datasets},
  author = {Goloboff, Pablo A. and Sereno, Paul C.},
  year = {2021},
  journal = {Journal of Systematic Palaeontology},
  pages = {1--26},
  doi = {10.1080/14772019.2021.1970038}
}

@article{Gower1966,
  title = {Some distance properties of latent root and vector methods used in multivariate analysis},
  author = {Gower, J. C.},
  year = {1966},
  journal = {Biometrika},
  volume = {53},
  number = {3/4},
  pages = {325--338},
  doi = {10.2307/2333639}
}

@article{Gower1969,
  title = {Minimum spanning trees and single linkage cluster analysis},
  author = {Gower, J. C. and Ross, G. J. S.},
  year = {1969},
  journal = {Journal of the Royal Statistical Society. Series C (Applied Statistics)},
  volume = {18},
  number = {1},
  pages = {54--64},
  publisher = {{[Wiley, Royal Statistical Society]}},
  doi = {10.2307/2346439}
}

@article{Guenser2021,
  title = {Does time matter in phylogeny? A perspective from the fossil record},
  author = {Guenser, Pauline and Warnock, Rachel C.M. and Pett, Walker and Donoghue, Philip C.J. and Jarochowska, Emilia},
  year = {2021},
  journal = {bioR{$\chi$}iv},
  doi = {10.1101/2021.06.11.445746}
}

@article{Hartigan1979,
  title = {Algorithm {{AS}} 136: a {{{\emph{K}}}}-means clustering algorithm},
  author = {Hartigan, J. A. and Wong, M. A.},
  year = {1979},
  journal = {Journal of the Royal Statistical Society. Series C (Applied Statistics)},
  volume = {28},
  number = {1},
  pages = {100--108},
  publisher = {{[Wiley, Royal Statistical Society]}},
  doi = {10.2307/2346830}
}

@book{Hennig1966,
  title = {Phylogenetic systematics},
  author = {Hennig, Willi},
  year = {1966},
  publisher = {{The University of Illinois Press}},
  address = {{Urbana}}
}

@article{Hillis2005,
  title = {Analysis and visualization of tree space},
  author = {Hillis, David M. and Heath, Tracy A. and St. John, Katherine},
  year = {2005},
  journal = {Systematic Biology},
  volume = {54},
  number = {3},
  pages = {471--482},
  doi = {10.1080/10635150590946961}
}

@article{Hopkins2021,
  title = {Incorporating hierarchical characters into phylogenetic analysis},
  author = {Hopkins, Melanie J. and St. John, Katherine},
  year = {2021},
  journal = {Systematic Biology},
  volume = {70},
  number = {6},
  pages = {1163--1180},
  doi = {10.1093/sysbio/syab005}
}

@article{Jenner2001,
  title = {Bilaterian phylogeny and uncritical recycling of morphological data sets},
  author = {Jenner, Ronald A.},
  editor = {Olmstead, R.},
  year = {2001},
  journal = {Systematic Biology},
  volume = {50},
  number = {5},
  pages = {730--742},
  doi = {10.1080/106351501753328857}
}

@article{Kaski2003,
  title = {Trustworthiness and metrics in visualizing similarity of gene expression},
  author = {Kaski, Samuel and Nikkil{\"a}, Janne and Oja, Merja and Venna, Jarkko and T{\"o}r{\"o}nen, Petri and Castr{\'e}n, Eero},
  year = {2003},
  journal = {BMC Bioinformatics},
  volume = {4},
  pages = {48},
  doi = {10.1186/1471-2105-4-48}
}

@incollection{Kaufman1990,
  title = {Partitioning around medoids ({{Program PAM}})},
  booktitle = {Finding groups in data: an introduction to cluster analysis},
  author = {Kaufman, Leonard and Rousseeuw, Peter J.},
  year = {1990},
  series = {Wiley {{Series}} in {{Probability}} and {{Statistics}}},
  pages = {68--125},
  publisher = {{John Wiley \& Sons, Ltd}}
}

@article{Kearney2002,
  title = {Fragmentary taxa, missing data, and ambiguity: mistaken assumptions and conclusions},
  author = {Kearney, Maureen},
  year = {2002},
  journal = {Systematic Biology},
  volume = {51},
  number = {2},
  pages = {369--381},
  doi = {10.1080/10635150252899824}
}

@article{Klopfstein2019,
  title = {Illustrating phylogenetic placement of fossils using {{RoguePlots}}: An example from ichneumonid parasitoid wasps ({{Hymenoptera}}, {{Ichneumonidae}}) and an extensive morphological matrix},
  author = {Klopfstein, Seraina and Spasojevic, Tamara},
  year = {2019},
  journal = {PLoS ONE},
  volume = {14},
  number = {4},
  pages = {e0212942},
  publisher = {{Public Library of Science}},
  doi = {10.1371/journal.pone.0212942}
}

@article{Koch2020,
  title = {Death is on our side: paleontological data drastically modify phylogenetic hypotheses},
  author = {Koch, Nicol{\'a}s Mongiardino and Parry, Luke A.},
  year = {2020},
  journal = {Systematic Biology},
  volume = {69},
  number = {6},
  pages = {1052--1067},
  doi = {10.1093/sysbio/syaa023}
}


@article{Lewis2001,
  title = {A likelihood approach to estimating phylogeny from discrete morphological character data},
  author = {Lewis, Paul O.},
  year = {2001},
  journal = {Systematic Biology},
  volume = {50},
  number = {6},
  pages = {913--925},
  doi = {10.1080/106351501753462876}
}

@article{Maddison1991,
  title = {Null models for the number of evolutionary steps in a character on a phylogenetic tree},
  author = {Maddison, Wayne P. and Slatkin, M.},
  year = {1991},
  journal = {Evolution},
  volume = {45},
  number = {5},
  pages = {1184--1197},
  doi = {10.1111/j.1558-5646.1991.tb04385.x}
}

@article{Maddison1993,
  title = {Missing data versus missing characters in phylogenetic analysis},
  author = {Maddison, Wayne P.},
  year = {1993},
  journal = {Systematic Biology},
  volume = {42},
  number = {4},
  pages = {576--581},
  doi = {10.1093/sysbio/42.4.576}
}

@article{Maddison1997,
  title = {{{NEXUS}}: an extensible file format for systematic information},
  author = {Maddison, David R. and Swofford, David L. and Maddison, Wayne P.},
  year = {1997},
  journal = {Systematic Biology},
  volume = {46},
  number = {4},
  pages = {590--621},
  doi = {10.1093/sysbio/46.4.590}
}

@article{Maechler2019,
  title = {cluster: Cluster {{Analysis Basics}} and {{Extensions}}},
  author = {Maechler, Martin and Rousseeuw, Peter and Struyf, Anja and Hubert, Mia and Hornik, Kurt},
  year = {2019},
  journal = {Comprehensive R Archive Network},
  volume = {2.1.0}
}

@article{Minh2020,
  title = {New methods to calculate concordance factors for phylogenomic datasets},
  author = {Minh, Bui Quang and Hahn, Matthew W. and Lanfear, Robert},
  year = {2020},
  journal = {Molecular Biology and Evolution},
  volume = {37},
  number = {9},
  pages = {2727--2733},
  doi = {10.1093/molbev/msaa106}
}

@incollection{Mooi2016,
  title = {Hennig's auxiliary principle and reciprocal illumination revisited},
  booktitle = {The {{Future}} of {{Phylogenetic Systematics}}},
  author = {Mooi, Randall D. and Gill, Anthony C.},
  editor = {Williams, David and Schmitt, Michael and Wheeler, Quentin},
  year = {2016},
  pages = {258--285},
  publisher = {{Cambridge University Press}},
  address = {{Cambridge}},
  doi = {10.1017/CBO9781316338797.013}
}

@article{Murtagh1983,
  title = {A survey of recent advances in hierarchical clustering algorithms},
  author = {Murtagh, F.},
  year = {1983},
  journal = {The Computer Journal},
  volume = {26},
  number = {4},
  pages = {354--359},
  doi = {10.1093/comjnl/26.4.354}
}

@article{Nixon1999,
  title = {The {{Parsimony Ratchet}}, a new method for rapid parsimony analysis},
  author = {Nixon, Kevin C.},
  year = {1999},
  journal = {Cladistics},
  volume = {15},
  number = {4},
  pages = {407--414},
  doi = {10.1111/j.1096-0031.1999.tb00277.x}
}

@article{OLeary2011,
  title = {{{MorphoBank}}: phylophenomics in the ``cloud''},
  author = {O'Leary, Maureen A. and Kaufman, Seth},
  year = {2011},
  journal = {Cladistics},
  volume = {27},
  number = {5},
  pages = {529--537},
  doi = {10.1111/j.1096-0031.2011.00355.x}
}

@article{OReilly2016,
  title = {Bayesian methods outperform parsimony but at the expense of precision in the estimation of phylogeny from discrete morphological data},
  author = {O'Reilly, Joseph E. and Puttick, Mark N. and Parry, Luke and Tanner, Alastair R. and Tarver, James E. and Fleming, James and Pisani, Davide and Donoghue, Philip C. J.},
  year = {2016},
  journal = {Biology Letters},
  volume = {12},
  number = {4},
  pages = {20160081},
  doi = {10.1098/rsbl.2016.0081}
}

@article{Paradis2019,
  title = {ape 5.0: an environment for modern phylogenetics and evolutionary analyses in {{R}}},
  author = {Paradis, Emmanuel and Schliep, Klaus},
  year = {2019},
  journal = {Bioinformatics},
  volume = {35},
  number = {3},
  pages = {526--528},
  doi = {10.1093/bioinformatics/bty633}
}

@article{Pol2009,
  title = {Unstable Taxa in Cladistic Analysis: Identification and the Assessment of Relevant Characters},
  author = {Pol, Diego and Escapa, Ignacio H.},
  year = {2009},
  journal = {Cladistics},
  volume = {25},
  number = {5},
  pages = {515--527},
  doi = {10.1111/j.1096-0031.2009.00258.x}
}

@article{Puttick2017,
  title = {Uncertain-tree: discriminating among competing approaches to the phylogenetic analysis of phenotype data},
  author = {Puttick, Mark N. and O'Reilly, Joseph E. and Tanner, Alastair R. and Fleming, James F. and Clark, James and Holloway, Lucy and {Lozano-Fernandez}, Jesus and Parry, Luke A. and Tarver, James E. and Pisani, Davide and Donoghue, Philip C. J.},
  year = {2017},
  journal = {Proceedings of the Royal Society B: Biological Sciences},
  volume = {284},
  number = {1846},
  pages = {20162290},
  doi = {10.1098/rspb.2016.2290}
}

@misc{R,
  title = {R: A language and environment for statistical computing},
  author = {{R Core Team}},
  year = {2021},
  address = {{Vienna, Austria}},
  howpublished = {R Foundation for Statistical Computing}
}

@article{Robinson1981,
  title = {Comparison of phylogenetic trees},
  author = {Robinson, David F. and Foulds, Leslie R.},
  year = {1981},
  journal = {Mathematical Biosciences},
  volume = {53},
  number = {1-2},
  pages = {131--147},
  doi = {10.1016/0025-5564(81)90043-2}
}

@article{Sand2014,
  title = {{{tqDist}}: a library for computing the quartet and triplet distances between binary or general trees},
  author = {Sand, Andreas and Holt, Morten K. and Johansen, Jens and Brodal, Gerth St{\o}lting and Mailund, Thomas and Pedersen, Christian N. S.},
  year = {2014},
  journal = {Bioinformatics},
  volume = {30},
  number = {14},
  pages = {2079--2080},
  doi = {10.1093/bioinformatics/btu157}
}

@article{Sansom2018,
  title = {Parsimony, not {{Bayesian}} analysis, recovers more stratigraphically congruent phylogenetic trees},
  author = {Sansom, Robert S. and Choate, Peter G. and Keating, Joseph N. and Randle, Emma},
  year = {2018},
  journal = {Biology Letters},
  volume = {14},
  number = {6},
  pages = {20180263},
  doi = {10.1098/rsbl.2018.0263}
}

@article{Schliep2011,
  title = {phangorn: phylogenetic analysis in {{R}}},
  author = {Schliep, Klaus Peter},
  year = {2011},
  journal = {Bioinformatics},
  volume = {27},
  number = {4},
  pages = {592--593},
  doi = {10.1093/bioinformatics/btq706}
}

@article{Sereno2007,
  title = {Logical basis for morphological characters in phylogenetics},
  author = {Sereno, Paul C.},
  year = {2007},
  journal = {Cladistics},
  volume = {23},
  number = {6},
  pages = {565--587},
  doi = {10.1111/j.1096-0031.2007.00161.x}
}

@article{Sereno2009,
  title = {Comparative cladistics},
  author = {Sereno, Paul C.},
  year = {2009},
  journal = {Cladistics},
  volume = {25},
  number = {6},
  pages = {624--659},
  doi = {10.1111/j.1096-0031.2009.00265.x}
}

@Manual{shiny,
  title = {shiny: Web Application Framework for {{R}}},
  author = {Winston Chang and Joe Cheng and J.J. Allaire and Carson Sievert and Barret Schloerke and Yi-Hui Xie and Jeff Allen and Jonathan McPherson and Alan Dipert and Barbara Borges},
  year = {2021},
  note = {R package version 1.7.1},
  url = {https://CRAN.R-project.org/package=shiny},
}
  
@Manual{shinyjs,
  title = {shinyjs: Easily Improve the User Experience of Your Shiny Apps in Seconds},
  author = {Dean Attali},
  year = {2020},
  note = {R package version 2.0.0},
  url = {https://CRAN.R-project.org/package=shinyjs},
}

@article{Simoes2017,
  title = {Giant taxon-character matrices: quality of character constructions remains critical regardless of size},
  author = {Sim{\~o}es, Tiago R. and Caldwell, Michael W. and Palci, Alessandro and Nydam, Randall L.},
  year = {2017},
  journal = {Cladistics},
  volume = {33},
  number = {2},
  pages = {198--219},
  doi = {10.1111/cla.12163}
}

@article{Smith2008,
  title = {Phyutility: a phyloinformatics tool for trees, alignments and molecular data},
  author = {Smith, Stephen A. and Dunn, Casey W.},
  year = {2008},
  journal = {Bioinformatics},
  volume = {24},
  number = {5},
  pages = {715--716},
  doi = {10.1093/bioinformatics/btm619}
}

@article{Smith2018,
  title = {Impact of algorithm choice in morphological phylogenetic analysis with inapplicable data},
  author = {Smith, Martin R. and Brazeau, Martin D. and Guillerme, Thomas},
  year = {2018},
  journal = {{Zenodo}},
  doi = {10.5281/zenodo.1485362}
}

@article{Smith2019,
  title = {Bayesian and parsimony approaches reconstruct informative trees from simulated morphological datasets},
  author = {Smith, Martin R.},
  year = {2019},
  journal = {Biology Letters},
  volume = {15},
  number = {2},
  pages = {20180632},
  doi = {10.1098/rsbl.2018.0632}
}

@article{Smith2020,
  title = {Information theoretic {{Generalized Robinson}}--{{Foulds}} metrics for comparing phylogenetic trees},
  author = {Smith, Martin R.},
  year = {2020},
  journal = {Bioinformatics},
  volume = {36},
  number = {20},
  pages = {5007--5013},
  doi = {10.1093/bioinformatics/btaa614}
}

@article{SmithQuartet,
  title = {Quartet: comparison of phylogenetic trees using quartet and bipartition measures},
  author = {Smith, Martin R.},
  year = {2019},
  journal = {Comprehensive R Archive Network},
  pages = {doi:10.5281/zenodo.2536318},
  doi = {10.5281/zenodo.2536318}
}

@article{SmithRogue,
  title = {Using information theory to detect rogue taxa and improve consensus trees},
  author = {Smith, Martin R.},
  year = {2022},
  journal = {Systematic Biology},
  volume = {71},
  number = {5},
  pages = {1088–1094},
  doi = {10.1093/sysbio/syab099},
}

@article{SmithSpace,
  title = {Robust analysis of phylogenetic tree space},
  author = {Smith, Martin R.},
  year = {2022},
  journal = {Systematic Biology},
  volume = {71},
  number = {5},
  pages = {1255–1270},
  doi = {10.1093/sysbio/syab100},
}

@article{Stockham2002,
  title = {Statistically based postprocessing of phylogenetic analysis by clustering},
  author = {Stockham, C. and Wang, L.-S. and Warnow, T.},
  year = {2002},
  journal = {Bioinformatics},
  volume = {18},
  number = {Suppl 1},
  pages = {S285-S293},
  doi = {10.1093/bioinformatics/18.suppl_1.S285}
}

@article{Sun2018,
  title = {Hyoliths with pedicles illuminate the origin of the brachiopod body plan},
  author = {Sun, Hai-Jing and Smith, Martin R. and Zeng, Han and Zhao, Fang-Chen and Li, Guo-Xiang and Zhu, Mao-Yan},
  year = {2018},
  journal = {Proceedings of the Royal Society B},
  volume = {285},
  number = {1887},
  pages = {20181780},
  doi = {10.1098/rspb.2018.1780}
}

@article{Tarasov2019,
  title = {Integration of anatomy ontologies and evo-devo using structured {{Markov}} models suggests a new framework for modeling discrete phenotypic traits},
  author = {Tarasov, Sergei},
  year = {2019},
  journal = {Systematic Biology},
  volume = {68},
  number = {5},
  pages = {698--716},
  doi = {10.1093/sysbio/syz005}
}

@article{Tarasov2022,
  title = {New Phylogenetic {{Markov}} Models for Inapplicable Morphological Characters},
  author = {Tarasov, Sergei},
  year = {2022},
  journal = {bioR{$\chi$}iv},
  pages = {2021.04.26.441495},
  doi = {10.1101/2021.04.26.441495},
}

@incollection{Thorley1998,
  title = {The information content of consensus trees},
  booktitle = {Advances in {{Data Science}} and {{Classification}}},
  author = {Thorley, Joseph L. and Wilkinson, Mark and Charleston, Mike},
  editor = {Rizzi, Alfredo and Vichi, Maurizio and Bock, Hans-Hermann},
  year = {1998},
  pages = {91--98},
  publisher = {{Springer}},
  address = {{Berlin}},
  doi = {10.1007/978-3-642-72253-0_12}
}

@article{TreeDist,
  title = {{{TreeDist}}: calculate and map distances between phylogenetic trees},
  author = {Smith, Martin R.},
  year = {2020},
  journal = {Comprehensive R Archive Network},
  pages = {doi:10.5281/zenodo.3528123},
  doi = {10.5281/zenodo.3528123}
}

@article{TreeTools,
  title = {{{TreeTools}}: create, modify and analyse phylogenetic trees},
  author = {Martin R. Smith},
  year = {2019},
  journal = {Comprehensive R Archive Network},
  pages = {doi:10.5281/zenodo.3522725},
  doi = {10.5281/zenodo.3522725},
}

@inproceedings{Venna2001,
  title = {Neighborhood preservation in nonlinear projection methods: an experimental study},
  booktitle = {Artificial {{Neural Networks}} \textemdash{} {{ICANN}} 2001},
  author = {Venna, Jarkko and Kaski, Samuel},
  editor = {Dorffner, Georg and Bischof, Horst and Hornik, Kurt},
  year = {2001},
  series = {Lecture {{Notes}} in {{Computer Science}}},
  pages = {485--491},
  publisher = {{Springer}},
  address = {{Berlin, Heidelberg}},
  doi = {10.1007/3-540-44668-0_68}
}

@article{Vinther2008,
  author = {Vinther, Jakob and {Van Roy}, Peter and Briggs, Derek E. G.},
  doi = {10.1038/nature06474},
  journal = {Nature},
  number = {7175},
  pages = {185--188},
  title = {{Machaeridians are Palaeozoic armoured annelids}},
  volume = {451},
  year = {2008}
}

@article{Whelan2010,
  title = {The prevalence of multifurcations in tree-space and their implications for tree-search},
  author = {Whelan, Simon and Money, Daniel},
  year = {2010},
  journal = {Molecular Biology and Evolution},
  volume = {27},
  number = {12},
  pages = {2674--2677},
  doi = {10.1093/molbev/msq163}
}

@article{Whidden2015,
  title = {Quantifying {{MCMC}} exploration of phylogenetic tree space},
  author = {Whidden, Chris and Matsen, Frederick A.},
  year = {2015},
  journal = {Systematic Biology},
  volume = {64},
  number = {3},
  pages = {472--491},
  publisher = {{Oxford Academic}},
  doi = {10.1093/sysbio/syv006}
}

@article{Wiens2004,
  title = {The role of morphological data in phylogeny reconstruction},
  author = {Wiens, John J.},
  year = {2004},
  journal = {Systematic Biology},
  volume = {53},
  number = {4},
  pages = {653--661},
  doi = {10.1080/10635150490472959}
}

@article{Wilkinson1994,
  title = {Common cladistic information and its consensus representation: reduced {{Adams}} and reduced cladistic consensus trees and profiles},
  author = {Wilkinson, Mark},
  year = {1994},
  journal = {Systematic Biology},
  volume = {43},
  number = {3},
  pages = {343--368},
  doi = {10.2307/2413673}
}

@article{Wilkinson1995,
  title = {A comparison of two methods of character construction},
  author = {Wilkinson, Mark},
  year = {1995},
  journal = {Cladistics},
  volume = {11},
  number = {3},
  pages = {297--308},
  doi = {10.1111/j.1096-0031.1995.tb00091.x}
}

@article{Wilkinson1996,
  title = {Majority-rule reduced consensus trees and their use in bootstrapping},
  author = {Wilkinson, Mark},
  year = {1996},
  journal = {Molecular Biology and Evolution},
  volume = {13},
  number = {3},
  pages = {437--444},
  doi = {10.1093/oxfordjournals.molbev.a025604}
}

@article{Wilkinson2003,
  title = {Missing entries and multiple trees: instability, relationships, and support in parsimony analysis},
  author = {Wilkinson, Mark},
  year = {2003},
  journal = {Journal of Vertebrate Paleontology},
  volume = {23},
  number = {2},
  pages = {311--323},
  publisher = {{Taylor \& Francis}},
  doi = {10.1671/0272-4634(2003)023[0311:MEAMTI]2.0.CO;2}
}


@article{Wills2012,
  title = {The disparity of priapulid, archaeopriapulid and palaeoscolecid worms in the light of new data},
  author = {Wills, Matthew Albion and Gerber, Sylvain and Ruta, M. and Hughes, M.},
  year = {2012},
  journal = {Journal of Evolutionary Biology},
  volume = {25},
  number = {10},
  pages = {2056--2076},
  doi = {10.1111/j.1420-9101.2012.02586.x}
}


@article{Wortley2006,
  title = {The effect of combining molecular and morphological data in published phylogenetic analyses},
  author = {Wortley, A. H. and Scotland, Robert W.},
  year = {2006},
  journal = {Systematic Biology},
  volume = {55},
  number = {4},
  pages = {677--685},
  doi = {10.1080/10635150600899798}
}

@article{Wright2020,
  title = {Bayesian analyses in phylogenetic palaeontology: interpreting the posterior sample},
  author = {Wright, April M. and Lloyd, Graeme T.},
  year = {2020},
  journal = {Palaeontology},
  volume = {63},
  number = {6},
  pages = {997--1006},
  doi = {10.1111/pala.12500}
}
