@book{Aitken_1985dq,
author = {Aitken, Martin J},
title = {{Thermoluminescence dating}},
publisher = {Academic Press},
year = {1985},
series = {Studies in archaeological science}
}

@book{Aitken_1998eu,
author = {Aitken, Martin J},
title = {{An Introduction to Optical Dating}},
publisher = {Oxford University Press},
year = {1998}
}


@book{Bateman:2019wy,
author = {Bateman, Mark D},
title = {{Handbook of Luminescence Dating}},
year = {2019},
publisher = {Whittles Publishing}
}

@article{Chen_2011ij,
author = {Chen, R and Lawless, J L and Pagonis, Vasilis},
title = {{A model for explaining the concentration quenching of thermoluminescence}},
journal = {Radiation Measurements},
year = {2011},
volume = {46},
pages = {1380--1384},
url = {https://doi.org/10.1016/j.radmeas.2011.01.022},
}

@article{Friedrich:2016kia,
author = {Friedrich, Johannes and Kreutzer, Sebastian and Schmidt, Christoph},
title = {{Solving ordinary differential equations to understand luminescence: 'RLumModel'  an advanced research tool for simulating luminescence in quartz using R}},
journal = {Quaternary Geochronology},
year = {2016},
volume = {35},
number = {C},
pages = {88--100},
url = {https://doi.org/10.1016/j.quageo.2016.05.004},
}

@Manual{RLumModel,
    title = {RLumModel: Solving Ordinary Differential Equations to Understand Luminescence},
    author = {Johannes Friedrich and Sebastian Kreutzer and Christoph Schmidt},
    year = {2020},
    note = {R package version 0.2.7},
    url = {https://CRAN.R-project.org/package=RLumModel},
}

@article{Horowitz:2017eo,
author = {Horowitz, Y S and Eliyahu, I and Oster, L},
title = {{Kinetic Simulations of Thermoluminescence Dose Response: Long Overdue Confrontation with the Effects of Ionisation Density}},
journal = {Radiation Protection Dosimetry},
year = {2017},
volume = {172},
number = {4},
pages = {524--540},
url = {https://doi.org/10.1093/rpd/ncv495},
}

@article{Novozhilov:2006hd,
author = {Novozhilov, Artem S and Karev, Georgy P and Koonin, Eugene V},
title = {{Biological applications of the theory of birth-and-death processes}},
journal = {Briefings in Bioinformatics},
year = {2006},
volume = {7},
number = {1},
pages = {70--85},
url = {https://doi.org/10.1093/bib/bbk006},
}



@book{Pagonis_2006ve,
author = {Pagonis, Vasilis and Kitis, George and Furetta, Claudio},
title = {{Numerical and Practical Exercises in Thermoluminescence}},
publisher = {Springer},
year = {2006}
}


@book{Newton:1957wr,
author = {Newton Harvey, E},
title = {{A history of luminescence from the earliest times until 1900}},
publisher = {Philadelphia, American Philosophical Society},
year = {1957}
}

@book{Mahesh_1989fk,
author = {Mahesh, K and Weng, P S and Furetta, Claudio},
title = {{Thermoluminescence in solids and its application}},
publisher = {Nuclear Technology Publishing, England},
year = {1989},
series = {Thermoluminescence in solids and its application}
}

@inproceedings{Mandowski:1994fi,
author = {Mandowski, A and Swiatek, J},
title = {{Monte Carlo simulation of TSC and TL in spatially correlated systems}},
booktitle = {8th International Symposium on Electrets (ISE 8)},
year = {1994},
pages = {461--466},
publisher = {IEEE},
url = {https://doi.org/10.1109/ISE.1994.514813},
}


@article{Daniels:1953hw,
author = {Daniels, F and Boyd, C A and Saunders, D F},
title = {{Thermoluminescence as a Research Tool}},
journal = {Science},
year = {1953},
volume = {117},
number = {3040},
pages = {343--349},
url = {https://doi.org/10.1126/science.117.3040.343},
}

@article{Houtermans:1957vu,
author = {Houtermans, F G and Stauffer, H},
title = {{Thermolumineszenz als Mittel zur Untersuchung der Temperatur - und Strahlungsgeschichte von Mineralien und Gesteinen}},
journal = {Helvetica Physica Acta},
year = {1957},
volume = {30},
pages = {274--277},
}

@inproceedings{Grogler_1958fk,
author = {Gr{\"o}gler, N and Houtermans, F G and Stauffer, H},
title = {{Radiation damage as a research tool for geology and prehistory}},
booktitle = {5{\textdegree} Rassegna Internazionale Elettronica E Nucleare, Supplemento Agli Atti Del Congresso Scientifico},
year = {1958},
pages = {5--15},
organization = {Sezione Nucleare}
}

@article{Johnson:1939iy,
author = {Johnson, R P},
title = {{Luminescence of Sulphide and Silicate Phosphors}},
journal = {Journal of the Optical Society of America},
year = {1939},
volume = {29},
number = {9},
pages = {387--391},
url = {https://doi.org/10.1364/JOSA.29.000387},
}

@article{Kulkarni:1994dr,
author = {Kulkarni, R N},
title = {{The Development of the Monte Carlo Method for the Calculation of the Thermoluminescence Intensity and the Thermally Stimulated Conductivity}},
journal = {Radiation Protection Dosimetry},
year = {1994},
volume = {51},
number = {2},
pages = {95--105},
url = {https://doi.org/10.1093/oxfordjournals.rpd.a082126},
}

@book{Landau:2015vp,
author = {Landau, David P and Binder, Kurt},
title = {{A Guide to Monte Carlo Simulations in Statistical Physics}},
publisher = {Cambridge University Press},
year = {2015},
}

@article{Urbach_1930fk,
author = {Urbach, Franz},
title = {{Zur Lumineszenz der Alkalihalogenide II. Messungsmethoden; erste Ergebnisse; zur Theorie der Thermolumineszenz}},
journal = {Sitzungsberichte der Akademie der Wissenschaften in Wien, Mathematisch-Naturwissenschaftliche Klasse, Abt. IIa, Mathematik, Astronomie, Physik, Meteorologie und Technik},
year = {1930},
volume = {139},
pages = {363--372},
}

@book{McKeever_1983ly,
author = {McKeever, Stephen W S},
title = {{Thermoluminescence of solids}},
publisher = {Cambrigde University Press},
year = {1983},
series = {Thermoluminescence of solids},
}

@article{Randall:1945je,
author = {Randall, J T and Wilkins, M H F},
title = {{Phosphorescence and Electron Traps. I. The Study of Trap Distributions}},
journal = {Proceedings of the Royal Society of London A: Mathematical, Physical and Engineering Sciences},
year = {1945},
volume = {184},
number = {999},
pages = {365--389},
url = {https://doi.org/10.1098/rspa.1945.0024},
}

@book{Yukihara_2011zr,
author = {Yukihara, Eduardo G and McKeever, Stephen W S},
title = {{Optically Stimulated Luminescence}},
publisher = {Wiley},
year = {2011},
}

@article{Pagonis:2014cs,
author = {Pagonis, Vasilis and Chen, Reuven},
title = {{Monte Carlo simulations of TL and OSL in nanodosimetric materials and feldspars}},
journal = {Radiation Measurements},
year = {2015},
volume = {81},
pages = {262--269},
url = {https://doi.org/10.1016/j.radmeas.2014.12.009},
}

@article{Pagonis:2014gu,
author = {Pagonis, Vasilis and Gochnour, Ethan and Hennessey, Michael and Knower, Charles},
title = {{Monte Carlo simulations of luminescence processes under quasi-equilibrium (QE) conditions}},
journal = {Radiation Measurements},
year = {2014},
volume = {67},
number = {C},
pages = {67--76},
url = {https://doi.org/10.1016/j.radmeas.2014.06.005},
}


@article{Pagonis:2019hk,
author = {Pagonis, Vasilis and Friedrich, Johannes and Discher, Michael and M{\"u}ller-Kirschbaum, Anna and Schlosser, Veronika and Kreutzer, Sebastian and Chen, Reuven and Schmidt, Christoph},
title = {{Excited state luminescence signals from a random distribution of defects - A new Monte Carlo simulation approach for feldspar}},
journal = {Journal of Luminescence},
year = {2019},
volume = {207},
pages = {266--272},
url = {https://doi.org/10.1016/j.jlumin.2018.11.024},
}

@article{Pagonis:2020bt,
author = {Pagonis, Vasilis and Kreutzer, Sebastian and Duncan, Alex Roy and Rajovic, Ena and Laag, Christian and Schmidt, Christoph},
title = {{On the stochastic uncertainties of thermally and optically stimulated luminescence signals: A Monte Carlo approach}},
journal = {Journal of Luminescence},
year = {2020},
volume = {219},
pages = {116945},
url = {https://doi.org/10.1016/j.jlumin.2019.116945},
}

@article{Huntley:2006gs,
author = {Huntley, D J},
title = {{An explanation of the power-law decay of luminescence}},
journal = {Journal of Physics: Condensed Matter},
year = {2006},
volume = {18},
number = {4},
pages = {1359--1365},
url = {https://doi.org/10.1088/0953-8984/18/4/020},
}

@article{Peng:2016jg,
author = {Peng, Jun and Pagonis, Vasilis},
title = {{Simulating comprehensive kinetic models for quartz luminescence using the R program KMS}},
journal = {Radiation Measurements},
year = {2016},
volume = {86},
pages = {63--70},
url = {https://doi.org/10.1016/j.radmeas.2016.01.022},
}

@book{Chen:1997dr,
author = {Chen, Reuven and McKeever, Stephen W S},
title = {{Theory of Thermoluminescence and Related Phenomena}},
publisher = {WORLD SCIENTIFIC},
year = {1997},
}

@book{Botter-Jensen_2003uq,
author = {B{\o}tter-Jensen, L and McKeever, Stephen W S and Wintle, Ann G},
title = {{Optically Stimulated Luminescence Dosimetry}},
publisher = {Elsevier Science B.V.},
year = {2003},
annote = {Preheat - Sensitivity , pp. 169}
}

@article{Mandowski:1992ke,
author = {Mandowski, A and {\'{S}}wialtek, J},
title = {{Monte Carlo simulation of thermally stimulated relaxation kinetics of carrier trapping in microcrystalline and two-dimensional solids}},
journal = {Philosophical Magazine B},
year = {1992},
volume = {65},
number = {4},
pages = {729--732},
url = {https://doi.org/10.1080/13642819208204910},
}

@article{Galbraith:2012hh,
author = {Galbraith, Rex F and Roberts, Richard G},
title = {{Statistical aspects of equivalent dose and error calculation and display in OSL dating: An overview and some recommendations}},
journal = {Quaternary Geochronology},
year = {2012},
volume = {11},
pages = {1--27},
url = {https://doi.org/10.1016/j.quageo.2012.04.020},
}

@article{Halperin:1960gr,
author = {Halperin, A and Braner, A A},
title = {{Evaluation of Thermal Activation Energies from Glow Curves}},
journal = {Physical Review},
year = {1960},
volume = {117},
number = {2},
pages = {408--415},
url = {https://doi.org/10.1103/PhysRev.117.408},
}


@inproceedings{Mandowski:1991ha,
author = {Mandowski, A and Swiatek, J},
title = {{On the determination of trap parameters from TSC spectra in finite-size systems}},
booktitle = {7th International Symposium on Electrets (ISE 7)},
year = {1991},
pages = {588--593},
publisher = {IEEE},
url = {https://doi.org/10.1109/ISE.1991.167278},
}

@article{Bailey_2001yo,
author = {Bailey, Richard Matthew},
title = {{Towards a general kinetic model for optically and thermally stimulated luminescence of quartz}},
journal = {Radiation Measurements},
year = {2001},
volume = {33},
number = {1},
pages = {17--45},
url = {https://doi.org/10.1016/S1350-4487(00)00100-1},
}

@article{Wintle_1975kx,
author = {Wintle, Ann G},
title = {{Thermal Quenching of Thermoluminescence in Quartz}},
journal = {Geophysical Journal of the Royal Astronomical Society},
year = {1975},
volume = {41},
pages = {107--113},
url = {https://doi.org/10.1111/j.1365-246X.1975.tb05487.x},
}

@article{Friedrich:2018ha,
author = {Friedrich, Johannes and Kreutzer, Sebastian and Schmidt, Christoph},
title = {{Radiofluorescence as a detection tool for quartz luminescence quenching processes}},
journal = {Radiation Measurements},
year = {2018},
volume = {120},
pages = {33--40},
url = {https://doi.org/10.1016/j.radmeas.2018.03.008},
}

@article{Pagonis:2008bl,
author = {Pagonis, V and Balsamo, E and Barnold, C and Duling, K and McCole, S},
title = {{Simulations of the predose technique for retrospective dosimetry and authenticity testing}},
journal = {Radiation Measurements},
year = {2008},
volume = {43},
number = {8},
pages = {1343--1353},
url = {https://doi.org/10.1016/j.radmeas.2008.04.095},
}

@Manual{Rcpp,
  title = {Rcpp: Seamless R and C++ Integration},
  author = {Dirk Eddelbuettel and Romain Francois and JJ Allaire and Kevin Ushey and Qiang Kou and Nathan Russell and Douglas Bates and John Chambers},
  year = {2020},
  note = {R package version 1.0.5},
  url = {https://CRAN.R-project.org/package=Rcpp},
}

@Manual{parallel,
  title = {R: A Language and Environment for Statistical Computing},
  author = {{R Core Team}},
  organization = {R Foundation for Statistical Computing},
  address = {Vienna, Austria},
  year = {2020},
  url = {https://www.R-project.org/},
}

@Manual{doParallel,
  title = {doParallel: Foreach Parallel Adaptor for the 'parallel' Package},
  author = {{Microsoft Corporation} and Steve Weston},
  year = {2020},
  note = {R package version 1.0.16},
  url = {https://CRAN.R-project.org/package=doParallel},
}

@Manual{foreach,
  title = {foreach: Provides Foreach Looping Construct},
  author = {{Microsoft} and Steve Weston},
  year = {2020},
  note = {R package version 1.5.1},
  url = {https://CRAN.R-project.org/package=foreach},
}

@Manual{Luminescence,
  title = {Luminescence: Comprehensive Luminescence Dating Data Analysis},
  author = {Sebastian Kreutzer and Christoph Burow and Michael Dietze and Margret C. Fuchs and Christoph Schmidt and Manfred Fischer and Johannes Friedrich and Svenja Riedesel and Martin Autzen and Dirk Mittelstrass}, year = {2020},
  note = {R package version 0.9.8},
  url = {https://CRAN.R-project.org/package=Luminescence},
}

@article{Kreutzer:2012ty,
author = {Kreutzer, Sebastian and Schmidt, Christoph and Fuchs, Margret C and Dietze, Michael and Fischer, Manfred and Fuchs, Markus},
title = {{Introducing an R package for luminescence dating analysis}},
journal = {Ancient TL},
year = {2012},
volume = {30},
number = {1},
pages = {1--8},
url = {http://ancienttl.org/ATL_30-1_2012/ATL_30-1_Kreutzer_p1-8.pdf}
}

@Manual{BayLum,
  title = {BayLum: Chronological Bayesian Models Integrating Optically Stimulated
Luminescence and Radiocarbon Age Dating},
  author = {Claire Christophe and Anne Philippe and Sebastian Kreutzer and Guillaume Guerin},
  year = {2018},
  note = {R package version 0.1.3},
  url = {https://CRAN.R-project.org/package=BayLum},
}

@article{Philippe:2019fb,
author = {Philippe, Anne and Gu{\'e}rin, Guillaume and Kreutzer, Sebastian},
title = {{BayLum - An R package for Bayesian analysis of OSL ages: An introduction}},
journal = {Quaternary Geochronology},
year = {2019},
volume = {49},
pages = {16--24},
url = {https://doi.org/10.1016/j.quageo.2018.05.009}
}

@article{Peng:2013ws,
author = {Peng, Jun and Dong, ZhiBao and Han, FengQuing and Long, Hao and Liu, XiangJun},
title = {{R package numOSL: numeric routines for optically stimulated luminescence dating}},
journal = {Ancient TL},
year = {2013},
volume = {31},
number = {2},
pages = {41--48},
url = {http://ancienttl.org/ATL_31-2_2013/ATL_31-2_Peng_p41-48.pdf}
}

@Manual{numOSL,
  title = {numOSL: Numeric Routines for Optically Stimulated Luminescence Dating},
  author = {Jun Peng and Bo Li},
  year = {2018},
  note = {R package version 2.6},
  url = {https://CRAN.R-project.org/package=numOSL},
}

@article{Strebler:2016by,
author = {Strebler, David and Burow, Christoph and Brill, Dominik and Br ckner, Helmut},
title = {{Using R for TL dating}},
journal = {Quaternary Geochronology},
year = {2017},
volume = {37},
pages = {97--107},
url = {https://doi.org/10.1016/j.quageo.2016.09.001}
}

@article{Burow:2016ATL2,
author = {Burow, Christoph and Kreutzer, Sebastian and Dietze, Michael and Fuchs, Margret C and Fischer, Manfred and Schmidt, Christoph and Br{\"u}ckner, Helmut},
title = {{RLumShiny - A graphical user interface for the R Package {\textquoteright}Luminescence{\textquoteright}}},
journal = {Ancient TL},
year = {2016},
volume = {34},
pages = {22--32},
url = {http://ancienttl.org/ATL_34-2_2016/ATL_34-2_Burow_p22-32.pdf}
}

@Manual{RLumShiny,
  title = {RLumShiny: 'Shiny' Applications for the R Package 'Luminescence'},
  author = {Christoph Burow and Urs Tilmann Wolpert and Sebastian Kreutzer},
  year = {2019},
  note = {R package version 0.2.2},
  url = {https://CRAN.R-project.org/package=RLumShiny},
}

@article{Peng:2016gc,
author = {Peng, Jun and Dong, ZhiBao and Han, Fengqing},
title = {{tgcd: An R package for analyzing thermoluminescence glow curves}},
journal = {SoftwareX},
year = {2016},
pages = {1--9},
url = {https://doi.org/10.1016/j.softx.2016.06.001}
}

@Manual{tgcd,
  title = {tgcd: Thermoluminescence Glow Curve Deconvolution},
  author = {Jun Peng},
  year = {2020},
  note = {R package version 2.5},
  url = {https://CRAN.R-project.org/package=tgcd},
}

