@article{ccaPP,
    title = {Robust maximum association between data sets: The {R} package {ccaPP}},
    author = {A. Alfons and C. Croux and P. Filzmoser},
    journal = {Austrian Journal of Statistics},
    year = {2016},
    volume = {45},
    number = {1},
    pages = {71--79},
  }

@ARTICLE{fdr,
 author = {Y. Benjamini and Y. Hochberg},
 title={Controlling the false discovery rate:
A practical and powerful approach to multiple testing},
 journal={Journal of the Royal Statistical Society, Series B},
 year={1995},
 volume={57},
 number={1},
 pages={289--300},
 url={https://doi.org/10.1111/j.2517-6161.1995.tb02031.x}
}


@ARTICLE{seed,
 author = {R. D. Cook and B. Li and F. Chiaromonte},
 title={Dimension reduction in regression without matrix inversion},
 journal={Biometrika},
 year={2007},
 volume={94},
 number={3},
 pages={569--584},
 url={https://doi.org/10.1093/biomet/asm038}
}

@manual{FRCC,
  author = {R. Cruz-Cano},
  title = {FRCC: Fast Regularized Canonical Correlation Analysis},
  year = {2012},
  note = {R package version 1.0},
  url = {https://CRAN.R-project.org/package=FRCC}
}

@ARTICLE{ecca,
 author = {I. Gonz\'{a}lez and S. D\'{e}jean and P. G. P. Martin and A. Baccini},
 title={CCA: an R package to extend canonical correlation analysis},
 journal={Journal of Statistical Software},
 year={2008},
 volume={23},
 number={12},
 pages={1--13},
 url={https://doi.org/10.18637/jss.v023.i12}
}

@ARTICLE{pls,
 author = {I. S. Helland},
 title={Partial least squares regression and statistical models},
 journal={Scandinavian Journal of Statistics},
 year={1990},
 volume={17},
 number={2},
 pages={97--114},
 url={https://www.jstor.org/stable/4616159}
}


@ARTICLE{cca,
 author = {H. Hotelling},
 title={Relations between two sets of variates},
 journal={Biometrika},
 year={1936},
 volume={28},
 number={3},
 pages={321--377},
 url={https://www.jstor.org/stable/2333955}
}


@ARTICLE{ccadc,
 author = {S. E. Leurgans and R. A. Moyeed and B. W. Silverman},
 title={Canonical correlation analysis when the data are curves},
 journal={Journal of the Royal Statistical Society, Series B},
 year={1993},
 volume={55},
 number={3},
 pages={725--740},
 url={https://www.jstor.org/stable/2345883 }
}

@ARTICLE{scca,
 author = {Y. Im and H. Gang and JK. Yoo},
 title={High-throughput data dimension reduction
via seeded canonical correlation analysis},
 journal={Journal of Chemometrics},
 year={2014},
 volume={29},
 number={3},
 pages={193--199},
 url={http://dx.doi.org/10.1002/cem.2691}
}

@manual{tictoc,
    author = {Sergei Izrailev},
    title = {tictoc: Functions for timing R scripts, as well as implementations of
Stack and List structures.},
    year = {2014},
    note = {R package version 1.0},
    url = {https://CRAN.R-project.org/package=tictoc}
  }

@BOOK{johnson,
   author = {R. Johnson and D. W. Wichern},
   title= {Applied Multivariate Statistical Analysis},
   publisher = {Pearson Prentice Hall},
   year = {2007}
}

@ARTICLE{ccalm,
 author={K. Lee and JK. Yoo},
 title={Canonical correlation analysis through linear modeling},
 journal={Australian and New Zealand Journal of Statistics},
 year={2014},
 volume={56},
 number={1},
 pages={59--72},
 url={http://dx.doi.org/10.1111/anzs.12057 }
}

@Article{lsmeans,
    title = {Least-Squares Means: The {R} Package {lsmeans}},
    author = {R. V. Lenth},
    journal = {Journal of Statistical Software},
    year = {2016},
    volume = {69},
    number = {1},
    pages = {1--33},
    doi = {10.18637/jss.v069.i01}
  }


@manual{corpcor,
    author = {J. Schafer and R. Opgen-Rhein and V. Zuber, M. Ahdesmaki and A. P. D. Silva and K. Strimmer.},
    title = {corpcor: Efficient Estimation of Covariance and (Partial) Correlation},
    year = {2017},
    note = {R package version 1.6.9},
    url = {https://CRAN.R-project.org/package=corpcor}
  }
	
@ARTICLE{ccajp,
 author={H. D. Vinod},
 title={Canonical ridge and econometrics of joint production},
 journal={Journal of Econometrics},
 year={1976},
 volume={4},
 number={2},
 pages={147--166},
 url={https://doi.org/10.1016/0304-4076(76)90010-5}
}

@ARTICLE{ccca,
 author={Q. Zhu and Q. Liu and S. J. Qin},
 title={Concurrent canonical correlation analysis modeling for quality-relevant monitoring},
 journal={Journal of Econometrics},
 year={2016},
 volume={49},
 number={7},
 pages={1044--1049},
 url={https://doi.org/10.1016/j.ifacol.2016.07.340}
}
