@Manual{progressPackage,
  title = {progress: Terminal Progress Bars},
  author = {Gábor Csárdi and Rich FitzJohn},
  year = {2019},
  note = {R package version 1.2.2},
  url = {https://CRAN.R-project.org/package=progress},
}
  
@InProceedings{Arch2015goodness,
  title={Goodness-of-fit Tests for Archimedean Copulas in High Dimensions},
  author={Hering, Christian and Hofert, Marius},
  booktitle={Innovations in Quantitative Risk Management},
  pages={357--373},
  year={2015},
  publisher={Springer International Publishing},
  address={Cham},
  editor={Glau, Kathrin and Scherer, Matthias and Zagst, Rudi},
  url = {https://doi.org/10.1007/978-3-319-09114-3_21}
}

@Manual{yan2007enjoy,
  title = {copula: Multivariate Dependence with Copulas},
  author = {Marius Hofert and Ivan Kojadinovic and Martin Maechler and Jun Yan},
  year = {2020},
  note = {R package version 1.0-0},
  url = {https://CRAN.R-project.org/package=copula},
}

@article{genest2014copulas,
  title={Copulas and copula models},
  author={Genest, Christian and Ne{\v{s}}lehov{\'a}, Johanna},
  journal={Wiley StatsRef: Statistics Reference Online},
  year={2014},
  publisher={Wiley Online Library},
  url = {https://doi.org/10.1002/9781118445112.stat07523}
}

@Manual{schepsmeier2018package,
  title = {VineCopula: Statistical Inference of Vine Copulas},
  author = {Thomas Nagler and Ulf Schepsmeier and Jakob Stoeber and Eike Christian Brechmann and Benedikt Graeler and Tobias Erhardt},
  year = {2019},
  note = {R package version 2.3.0},
  url = {https://CRAN.R-project.org/package=VineCopula},
}

@article{finance_paper_1,
  title={Dynamic copula models and high frequency data},
  author={Salvatierra, Irving De Lira and Patton, Andrew J},
  journal={Journal of Empirical Finance},
  volume={30},
  pages={120--135},
  year={2015},
  publisher={Elsevier},
  url = {https://doi.org/10.1016/j.jempfin.2014.11.008}
}

@article{finance_paper_2,
  title={Time-varying systemic risk: Evidence from a dynamic copula model of cds spreads},
  author={Oh, Dong Hwan and Patton, Andrew J},
  journal={Journal of Business \& Economic Statistics},
  volume={36},
  number={2},
  pages={181--195},
  year={2018},
  publisher={Taylor \& Francis},
  url = {https://doi.org/10.1080/07350015.2016.1177535}
}

@article{hydrology_paper_1,
  title={Hydrological uncertainty processor based on a copula function},
  author={Liu, Zhangjun and Guo, Shenglian and Xiong, Lihua and Xu, Chong-Yu},
  journal={Hydrological sciences journal},
  volume={63},
  number={1},
  pages={74--86},
  year={2018},
  publisher={Taylor \& Francis},
  url ={https://doi.org/10.1080/02626667.2017.1410278}
}

@article{insurance_paper_1,
  title={Modified Gaussian pseudo-copula: Applications in insurance and finance},
  author={Fang, Y and Madsen, L},
  journal={Insurance: Mathematics and Economics},
  volume={53},
  number={1},
  pages={292--301},
  year={2013},
  publisher={Elsevier},
  url = {https://doi.org/10.1016/j.insmatheco.2013.05.009}
}

@article{insurance_paper_2,
  title={Multilevel modeling of insurance claims using copulas},
  author={Shi, Peng and Feng, Xiaoping and Boucher, Jean-Philippe},
  journal={The Annals of Applied Statistics},
  volume={10},
  number={2},
  pages={834--863},
  year={2016},
  publisher={Institute of Mathematical Statistics},
  url = {https://doi.org/10.1214/16-AOAS914}
}

@article{hydrology_paper_2,
  title={Quantifying the impacts of dams on riverine hydrology under non-stationary conditions using incomplete data and Gaussian copula models},
  author={Valle, Denis and Kaplan, David},
  journal={Science of The Total Environment},
  volume={677},
  pages={599--611},
  year={2019},
  publisher={Elsevier},
  url = {https://doi.org/10.1016/j.scitotenv.2019.04.377}
}

@book{joe2011dependence,
  title={Dependence Modeling: Vine Copula Handbook},
  author={Joe, Harry and Kurowicka, Dorota},
  year={2010},
  publisher={World Scientific},
  url = {https://doi.org/10.1142/7699}
}

@incollection{durante2010copula,
  title={Copula theory: An introduction},
  author={Durante, Fabrizio and Sempi, Carlo},
  editor={Jaworski, Piotr and Durante, Fabrizio and H{\"a}rdle, Wolfgang Karl and Rychlik, Tomasz},
  booktitle={Copula Theory and Its Applications},
  pages={3--31},
  year={2010},
  publisher={Springer},
  address={Berlin, Heidelberg},
  url = {https://doi.org/10.1007/978-3-642-12465-5_1}
}

@article{biology_paper_1,
	title = {Bivariate genetic association analysis of systolic and diastolic blood pressure by copula models},
	volume = {8},
	number = {1},
	journal = {BMC Proceedings},
	author = {Konigorski, Stefan and Yilmaz, Yildiz E. and Bull, Shelley B.},
	year = {2014},
	pages = {S72},
	url = {https://doi.org/10.1186/1753-6561-8-S1-S72}
}

@article{biology_paper_2,
  title={Comprehensive Analyses of Gaussian Graphical Model under Different Biological Networks.},
  author={Dokuzo{\u{g}}lu, D and Purut{\c{c}}uo{\u{g}}lu, V},
  journal={Acta Physica Polonica, A.},
  volume={132},
  number={3},
  year={2017},
  url = {https://doi.org/10.12693/APhysPolA.132.1106}
}

@article{medicine_paper_1,
  title={Meta-analysis for diagnostic accuracy studies: a new statistical model using beta-binomial distributions and bivariate copulas},
  author={Kuss, Oliver and Hoyer, Annika and Solms, Alexander},
  journal={Statistics in medicine},
  volume={33},
  number={1},
  pages={17--30},
  year={2014},
  publisher={Wiley Online Library},
  url = {https://doi.org/10.1002/sim.5909}
}

@article{medicine_paper_2,
  title={Copula selection models for non-Gaussian outcomes that are missing not at random},
  author={Gomes, Manuel and Radice, Rosalba and Camarena Brenes, Jose and Marra, Giampiero},
  journal={Statistics in medicine},
  volume={38},
  number={3},
  pages={480--496},
  year={2019},
  publisher={Wiley Online Library},
  url = {https://doi.org/10.1002/sim.7988}
}

@article{traffic_paper_1,
  title={Modelling Dependence between Traffic Noise and Traffic Flow through An Entropy-Copula Method.},
  author={Huang, K and Dai, LM and Yao, M and Fan, YR and Kong, XM},
  journal={Journal of Environmental Informatics},
  volume={29},
  number={2},
  year={2017},
  url = {https://doi.org/10.3808/jei.201500302}
}

@article{traffic_paper_2,
  title={Spatial copula model for imputing traffic flow data from remote microwave sensors},
  author={Ma, Xiaolei and Luan, Sen and Du, Bowen and Yu, Bin},
  journal={Sensors},
  volume={17},
  number={10},
  pages={2160},
  year={2017},
  publisher={Multidisciplinary Digital Publishing Institute},
  url = {https://doi.org/10.3390/s17102160}
}

@Manual{phillips2017yarrr,
  title = {yarrr: A Companion to the e-Book ``YaRrr!: The Pirate's Guide to R''},
  author = {Nathaniel Phillips},
  year = {2017},
  note = {R package version 0.1.5},
  url = {https://CRAN.R-project.org/package=yarrr},
}

@article{huang_goodness--fit_2014,
	title = {A goodness-of-fit test for copulas},
	volume = {33},
	number = {7},
	journal = {Econometric Reviews},
	author = {Huang, Wanling and Prokhorov, Artem},
	year = {2014},
	pages = {751--771},
	url = {https://doi.org/10.1080/07474938.2012.690692}
}

@article{schepsmeier2015efficient,
  title={Efficient information based goodness-of-fit tests for vine copula models with fixed margins: A comprehensive review},
  author={Schepsmeier, Ulf},
  journal={Journal of Multivariate Analysis},
  volume={138},
  pages={34--52},
  year={2015},
  publisher={Elsevier},
  url = {https://doi.org/10.1016/j.jmva.2015.01.001}
}

@article{white1982maximum,
  title={Maximum likelihood estimation of misspecified models},
  author={White, Halbert},
  journal={Econometrica: Journal of the Econometric Society},
  volume={50},
  pages={1--25},
  year={1982},
  publisher={JSTOR},
  url = {https://doi.org/10.2307/1912526}
}

@Article{barbe_genest_ghoudi_remillard_1996,
  Title                    = {On {K}endalls's Process},
  Author                   = {Philippe Barbe and Christian Genest and Kilani Ghoudi and Bruno R\'emillard},
  Journal                  = {Journal of Multivariate Analysis},
  Year                     = {1996},
  Pages                    = {197--229},
  Volume                   = {58},
  url = {https://doi.org/10.1006/jmva.1996.0048}
}

@Article{breymann_dias_embrechts_2003,
  Title                    = {Dependence Structures for Multivariate High-Frequency Data in Finance},
  Author                   = {Wolfgang Breymann and Alexandra Dias and Paul Embrechts},
  Journal                  = {Quantitative Finance},
  Year                     = {2003},
  Pages                    = {1--14},
  Volume                   = {1},
  url = {https://doi.org/10.1080/713666155}
}

@Article{chen_huang_2007,
  Title                    = {Nonparametric Estimation of Copula Functions for Dependence Modeling},
  Author                   = {Song Xi Chen and Tzeeming Huang},
  Journal                  = {The Canadian Journal of Statistics},
  Year                     = {2007},
  Number                   = {2},
  Pages                    = {265--282},
  Volume                   = {35},
  url = {https://doi.org/10.1002/cjs.5550350205}
}

@Article{chen_fan_2006,
  Title                    = {Estimation and Model Selection of Semiparametric Copula-Based Multivariate Dynamic Models under Copula Misspecification},
  Author                   = {Xiaohong Chen and Yanqin Fan},
  Journal                  = {Journal of Econometrics},
  Year                     = {2006},
  Number                   = {1--2},
  Pages                    = {125--154},
  Volume                   = {135},
  url = {https://doi.org/10.1016/j.jeconom.2005.07.027}
}

@Article{chen_fan_tsyrennikov_2006,
  Title                    = {Efficient Estimation of Semiparametric Multivariate Copula Models},
  Author                   = {Xiaohong Chen and Yanqin Fan and Viktor Tsyrennikov},
  Journal                  = {Journal of the American Statistical Association},
  Year                     = {2006},
  Number                   = {475},
  Pages                    = {1228--1240},
  Volume                   = {101},
  url = {https://doi.org/10.1198/016214506000000311}
}

@Article{demarta_mcneil_2004,
  Title                    = {The $t$-copula and Related Copulas},
  Author                   = {Stefano Demarta and Alexander J. McNeil},
  Journal                  = {International Statistical Review},
  Year                     = {2005},
  Number                   = {1},
  Pages                    = {111--129},
  Volume                   = {73},
  url = {https://doi.org/10.1111/j.1751-5823.2005.tb00254.x}
}

@Article{dobric_schmid_2007,
  Title                    = {A goodness of fit test for copulas based on {R}osenblatt's transformation},
  Author                   = {J. Dobri\'{c} and F. Schmid},
  Journal                  = {Computational Statistics \& Data Analysis},
  Year                     = {2007},
  Number                   = {9},
  Pages                    = {4633-4642},
  Volume                   = {51},
  url = {https://doi.org/10.1016/j.csda.2006.08.012}
}

@Article{fermanian_2005,
  Title                    = {Goodness-of-fit Tests for Copulas},
  Author                   = {Jean-David Fermanian},
  Journal                  = {Journal of Multivariate Analysis},
  Year                     = {2005},
  Number                   = {1},
  Pages                    = {119--152},
  Volume                   = {95},
  url = {https://doi.org/10.1016/j.jmva.2004.07.004}
}

@Article{fermanian_scaillet_2003,
  Title                    = {Nonparametric Estimation of Copulas for Time Series},
  Author                   = {Jean-David Fermanian and Olivier Scaillet},
  Journal                  = {Journal of Risk},
  Year                     = {2003},
  Pages                    = {25--54},
  Volume                   = {5},
  url = {https://doi.org/10.21314/JOR.2003.082}
}

@Book{gaensler_stute_1987,
  Title                    = {Seminar on Empirical Processes},
  Author                   = {Peter Gaensler and Winfried Stute},
  Publisher                = {Springer Basel AG},
  Year                     = {1987},
  Address                  = {Boca Raton},
  url = {https://doi.org/10.1007/978-3-0348-6269-1}
}

@Article{genest_ghoudi_rivest_1995,
  Title                    = {A Semi-parametric Estimation Procedure of Dependence Parameters in Multivariate Families of Distributions},
  Author                   = {Christian Genest and Kilani Ghoudi and Louis-Paul Rivest},
  Journal                  = {Biometrika},
  Year                     = {1995},
  Number                   = {3},
  Pages                    = {543--552},
  Volume                   = {82},
  url = {https://doi.org/10.1093/biomet/82.3.543}
}

@Article{genest_quessy_remillard_2006,
  Title                    = {Goodness-of-fit Procedures for Copula Models Based on the Probability Integral Transformation},
  Author                   = {Christian Genest and Jean-Fran{\c{c}}ois Quessy and Bruno R\'emillard},
  Journal                  = {Scandinavian Journal of Statistics},
  Year                     = {2006},
  Pages                    = {337--366},
  Volume                   = {33},
  url = {https://doi.org/10.1111/j.1467-9469.2006.00470.x}
}

@Article{genest_remillard_ValidityOfTheParametricBootstrap,
  Title                    = {Validity of the parametric bootstrap for goodness-of-fit testing in semiparametric models},
  Author                   = {Christian Genest and Bruno R\`{e}millard},
  Journal                  = {Annales de l'Institut Henri Poincar\'{e}, Probabilit\'{e}s et Statistiques},
  Year                     = {2008},
  Number                   = {44},
  Pages                    = {1096-1127},
  Volume                   = {6},
  url = {https://doi.org/10.1214/07-AIHP148}
}

@Article{genest_remillard_beaudoin_2009,
  Title                    = {Goodness-of-fit tests for copulas: A review and a power study},
  Author                   = {Genest, C. and R\'{e}millard, B. and Beaudoin, D.},
  Journal                  = {Insurance: Mathematics and Economics},
  Year                     = {2009},
  Pages                    = {199-213},
  Volume                   = {44},
  url = {https://doi.org/10.1016/j.insmatheco.2007.10.005}
}

@Article{genest_rivest_1993,
  Title                    = {Statistical Inference Procedures for Bivariate {A}rchimedean Copulas},
  Author                   = {Christian Genest and Louis-Paul Rivest},
  Journal                  = {Journal of the American Statistical Association},
  Year                     = {1993},
  Number                   = {3},
  Pages                    = {1034--1043},
  Volume                   = {88},
  url = {https://doi.org/10.1080/01621459.1993.10476372}
}

@Article{joe_2005,
  Title                    = {Asymptotic Efficiency of the Two-Stage Estimation Method for Copula-Based Models},
  Author                   = {Harry Joe},
  Journal                  = {Journal of Multivariate Analysis},
  Year                     = {2005},
  Number                   = {2},
  Pages                    = {401--419},
  Volume                   = {94},
  url = {https://doi.org/10.1016/j.jmva.2004.06.003}
}

@Book{joe_1997,
  Title                    = {Multivariate Models and Dependence Concepts},
  Author                   = {Harry Joe},
  Publisher                = {Chapman \& Hall},
  Year                     = {1997},
  Address                  = {London}
}

@Article{jouini_clemen_1996,
  Title                    = {Copula models for aggregating expert opinions},
  Author                   = {Mohamed Jouini and Robert Clemen},
  Journal                  = {Operations Research},
  Year                     = {1996},
  Number                   = {44},
  Pages                    = {444-457},
  Volume                   = {3},
  url = {https://doi.org/10.1287/opre.44.3.444}
}

@Article{oakes_1994,
  Title                    = {Multivariate Survival Distributions},
  Author                   = {D. Oakes},
  Journal                  = {Journal of Nonparametric Statistics},
  Year                     = {1994},
  Number                   = {3-4},
  Pages                    = {343--354},
  Volume                   = {3},
  url = {https://doi.org/10.1080/10485259408832593}
}

@Article{fermanian_radulovic_wegkamp_2004,
  Title                    = {Weak convergence of empirical copula processes},
  Author                   = {Jean-David Fermanian Dragan Radulovic and Marten Wegkamp},
  Journal                  = {Bernoulli},
  Year                     = {2004},
  Number                   = {5},
  Pages                    = {847-860},
  Volume                   = {10},
  url = {https://doi.org/10.3150/bj/1099579158}
}

@Article{remillard_scaillet_2009,
  Title                    = {Testing for equality between two copulas},
  Author                   = {Bruno Remillard and Oliver Scaillet},
  Journal                  = {Journal of Multivariate Analysis},
  Year                     = {2009},
  Pages                    = {377-386},
  Volume                   = {100},
  url = {https://doi.org/10.1016/j.jmva.2008.05.004}
}


@Article{rosenblatt_1952,
  Title                    = {Remarks on a Multivariate Transformation},
  Author                   = {M. Rosenblatt},
  Journal                  = {Annals of Mathematical Statistics},
  Year                     = {1952},
  Pages                    = {470--472},
  Volume                   = {23},
  Number                   = {3},
  url = {https://doi.org/10.1214/aoms/1177729394}
}

@Article{scaillet_2007,
  Title                    = {Kernel-based goodness-of-fit tests for copulas with fixed smoothing parameters},
  Author                   = {O Scaillet},
  Journal                  = {Journal of Multivariate Analysis},
  Year                     = {2007},
  Number                   = {3},
  Pages                    = {533-543},
  Volume                   = {98},
  url = {https://doi.org/10.1016/j.jmva.2006.05.006}
}

@Article{shih_louis_1995,
  Title                    = {Inferences on the Association Parameter in Copula Models for Bivariate Survival Data},
  Author                   = {J. H. Shih and T. A. Louis},
  Journal                  = {Biometrics},
  Year                     = {1995},
  Number                   = {4},
  Pages                    = {1384--1399},
  Volume                   = {51},
  url = {https://doi.org/10.2307/2533269}
}

@Article{sklar_1959,
  Title                    = {Fonctions de R\'epartition \`{a} n Dimension et Leurs Marges},
  Author                   = {Abe Sklar},
  Journal                  = {Publications de l'Institut de Statistique de l'Universit\'e de Paris},
  Year                     = {1959},
  Pages                    = {299--231},
  Volume                   = {8}
}

@Article{wang_wells_2000,
  Title                    = {Model Selection and Semiparametric Inference for Bivariate Failure-Time Data},
  Author                   = {W. Wang and M. Wells},
  Journal                  = {Journal of the American Statistical Association},
  Year                     = {2000},
  Number                   = {449},
  Pages                    = {62--76},
  Volume                   = {95},
  url = {https://doi.org/10.1080/01621459.2000.10473899}
}

@Article{zhang_okhrin_song_zhou_2016,
  Title                    = {Goodness-of-fit test for specification of semiparametric copula dependence models },
  Author                   = {Shulin Zhang and Ostap Okhrin and Qian M. Zhou and Peter X.-K. Song},
  Journal                  = {Journal of Econometrics },
  Year                     = {2016},
  Number                   = {1},
  Pages                    = {215--233},
  Volume                   = {193},
  url = {https://doi.org/10.1016/j.jeconom.2016.02.017}
}

@Manual{TwoCop,
  title = {TwoCop: Nonparametric test of equality between two copulas},
  author = {Bruno Remillard and Jean-Francois Plante},
  year = {2012},
  note = {R package version 1.0},
  url = {https://CRAN.R-project.org/package=TwoCop},
}


@article{gneiting2007strictly,
  title={Strictly proper scoring rules, prediction, and estimation},
  author={Gneiting, Tilmann and Raftery, Adrian E},
  journal={Journal of the American Statistical Association},
  volume={102},
  number={477},
  pages={359--378},
  year={2007},
  publisher={Taylor \& Francis},
  url = {https://doi.org/10.1198/016214506000001437}
}

@article{de2014common,
  title={The common sense of $P$ values},
  author={De Valpine, Perry},
  journal={Ecology},
  volume={95},
  number={3},
  pages={617--621},
  year={2014},
  publisher={JSTOR},
  url = {https://doi.org/10.1890/13-1271.1}
}

@article{quessy2020nonparametric,
  title={On nonparametric tests of multivariate meta-ellipticity},
  author={Quessy, Jean-Fran{\c{c}}ois},
  journal={Statistical Papers},
  pages={1--28},
  year={2020},
  publisher={Springer},
  url = {https://doi.org/10.1007/s00362-020-01189-x}
}

@article{wu2007simulating,
  title={Simulating from exchangeable Archimedean copulas},
  author={Wu, Florence and Valdez, Emiliano and Sherris, Michael},
  journal={Communications in Statistics—Simulation and Computation},
  volume={36},
  number={5},
  pages={1019--1034},
  year={2007},
  publisher={Taylor \& Francis},
  url={https://doi.org/10.1080/03610910701539781}
}

@book{nelsen2007introduction,
  title={An Introduction to Copulas},
  author={Nelsen, Roger B},
  year={2006},
  publisher={New York: Springer Science \& Business Media}
}

@article{michiels2008copula,
  title={A copula test space model how to avoid the wrong copula choice},
  author={Michiels, Frederik and De Schepper, Ann},
  journal={Kybernetika},
  volume={44},
  number={6},
  pages={864--878},
  year={2008},
  publisher={Institute of Information Theory and Automation AS CR},
  url={http://hdl.handle.net/10338.dmlcz/135896}
}

@article{grosser2021copulae,
  title={Copulae: An overview and recent developments},
  author={Gr{\"o}{\ss}er, Joshua and Okhrin, Ostap},
  journal={Wiley Interdisciplinary Reviews: Computational Statistics},
  pages={e1557},
  year={2021},
  publisher={Wiley Online Library},
  url={https://doi.org/10.1002/wics.1557}
}