@article{rosenbaum2005sensitivity,
  title={Sensitivity Analysis in Observational Studies},
  author={Rosenbaum, Paul R},
  journal={Encyclopedia of statistics in behavioral science},
  volume={4},
  pages={1809--1814},
  year={2005},
  publisher={John Wiley \& Sons Chichester}
}

@ARTICLE{king2019propensity,
  title     = "Why Propensity Scores Should Not Be Used for Matching",
  author    = "King, Gary and Nielsen, Richard",
  journal   = "Political Analysis",
  publisher = "Cambridge University Press",
  volume    =  27,
  number    =  4,
  pages     = "435--454",
  month     =  oct,
  year      =  2019
}


@article{hansen2008prognostic,
  title={The Prognostic Analogue of the Propensity Score},
  author={Hansen, Ben B},
  journal={Biometrika},
  volume={95},
  number={2},
  pages={481--488},
  year={2008},
  publisher={Oxford University Press}
}

@article{stuart2010matching,
  title={Matching Methods for Causal Inference: A Review and a Look Forward},
  author={Stuart, Elizabeth A},
  journal={Statistical science: a review journal of the Institute of Mathematical Statistics},
  volume={25},
  number={1},
  pages={1},
  year={2010},
  publisher={NIH Public Access}
}

@incollection{box2005statistics,
  title={Statistics for Experimenters},
  author={Box, George EP and Hunter, J Stuart and Hunter, William G},
  booktitle={Wiley Series in Probability and Statistics},
  year={2005},
  publisher={Wiley Hoboken, NJ, USA}
}

@article{rosenbaum2005heterogeneity,
  title={Heterogeneity and Causality: Unit Heterogeneity and Design Sensitivity in Observational Studies},
  author={Rosenbaum, Paul R},
  journal={The American Statistician},
  volume={59},
  number={2},
  pages={147--152},
  year={2005},
  publisher={Taylor \& Francis}
}

@article{leacy2014joint,
  title={On the Joint Use of Propensity and Prognostic Scores in Estimation of the Average Treatment Effect on the Treated: A Simulation Study},
  author={Leacy, Finbarr P and Stuart, Elizabeth A},
  journal={Statistics in medicine},
  volume={33},
  number={20},
  pages={3488--3508},
  year={2014},
  publisher={Wiley Online Library}
}

@article{antonelli2018doubly,
  title={Doubly Robust Matching Estimators for High Dimensional Confounding Adjustment},
  author={Antonelli, Joseph and Cefalu, Matthew and Palmer, Nathan and Agniel, Denis},
  journal={Biometrics},
  volume={74},
  number={4},
  pages={1171--1179},
  year={2018},
  publisher={Wiley Online Library}
}

@article{rosenbaum1983central,
  title={The Central Role of the Propensity Score in Observational Studies for Causal Effects},
  author={Rosenbaum, Paul R and Rubin, Donald B},
  journal={Biometrika},
  volume={70},
  number={1},
  pages={41--55},
  year={1983},
  publisher={Oxford University Press}
}

@article{hansen2006optmatch,
    author = {Ben B. Hansen and Stephanie Olsen Klopfer},
    title = {Optimal Full Matching and Related Designs via Network
      Flows},
    keywords = {matched sampling, minimum cost flow, nonrandom
      treatment assignment, observational study, quasiexperiment,
      subclassification},
    journal = {Journal of Computational and Graphical Statistics},
    volume = {15},
    number = {3},
    pages = {609--627},
    year = {2006},
}

@article{bertsekas1988relaxation,
  title={Relaxation Methods for Minimum Cost Ordinary and Generalized Network Flow Problems},
  author={Bertsekas, Dimitri P and Tseng, Paul},
  journal={Operations Research},
  volume={36},
  number={1},
  pages={93--114},
  year={1988},
  publisher={INFORMS}
}

@article{rosenbaum2007mestimates,
  title={Sensitivity Analysis for m-Estimates, Tests, and Confidence Intervals in Matched Observational Studies},
  author={Rosenbaum, Paul R},
  journal={Biometrics},
  volume={63},
  number={2},
  pages={456--464},
  year={2007},
  publisher={Wiley Online Library}
}

@article{rosenbaum2015Rpackages,
  title={Two R Packages for Sensitivity Analysis in Observational Studies},
  author={Rosenbaum, Paul R},
  journal={Observational Studies},
  volume={1},
  number={1},
  pages={1--17},
  year={2015}
}

@article{abadie2006large,
  title={Large Sample Properties of Matching Estimators for Average Treatment Effects},
  author={Abadie, Alberto and Imbens, Guido W},
  journal={econometrica},
  volume={74},
  number={1},
  pages={235--267},
  year={2006},
  publisher={Wiley Online Library}
}

@techreport{hansen2006report,
  title={Bias Reduction in Observational Studies via Prognosis Scores},
  author={Hansen, Ben B},
  year={2006},
  institution={Technical Report 441, University of Michigan, Statistics Department}
}

@article{rosenbaum1991fullmatch,
  title={A Characterization of Optimal Designs for Observational Studies},
  author={Rosenbaum, Paul R},
  journal={Journal of the Royal Statistical Society B},
  volume={53},
  number={3},
  pages={597--610},
  year={1991},
  publisher={Wiley Online Library}
}

@article{hansen2004full,
  title={Full Matching in an Observational Study of Coaching for the SAT},
  author={Hansen, Ben B},
  journal={Journal of the American Statistical Association},
  volume={99},
  number={467},
  pages={609--618},
  year={2004},
  publisher={Taylor \& Francis}
}

@article{stuart2008using,
  title={Using Full Matching to Estimate Causal Effects in Nonexperimental Studies: Examining the Relationship between Adolescent Marijuana Use and Adult Outcomes.},
  author={Stuart, Elizabeth A and Green, Kerry M},
  journal={Developmental psychology},
  volume={44},
  number={2},
  pages={395},
  year={2008},
  publisher={American Psychological Association}
}

@article{bang2005doubly,
  title={Doubly Robust Estimation in Missing Data and Causal Inference Models},
  author={Bang, Heejung and Robins, James M},
  journal={Biometrics},
  volume={61},
  number={4},
  pages={962--973},
  year={2005},
  publisher={Wiley Online Library}
}

@book{rosenbaum2010designbook,
  title={Design of Observational Studies},
  author={Rosenbaum, Paul R and others},
  volume={10},
  year={2010},
  pages={257-284},
  publisher={Springer-Verlag}
}


@article{rubin2008design,
  title={For Objective Causal Inference, Design Trumps Analysis},
  author={Rubin, Donald B},
  journal={The Annals of Applied Statistics},
  volume={2},
  number={3},
  pages={808--840},
  year={2008},
  publisher={Institute of Mathematical Statistics}
}

@article{pimentel2015variable,
  title={Variable-Ratio Matching with Fine Balance in a Study of the Peer Health Exchange},
  author={Pimentel, Samuel D and Yoon, Frank and Keele, Luke},
  journal={Statistics in medicine},
  volume={34},
  number={30},
  pages={4070--4082},
  year={2015},
  publisher={Wiley Online Library}
}

@article{aikens2020pilot,
  title={A pilot design for observational studies: Using abundant data thoughtfully},
  author={Aikens, Rachael C and Greaves, Dylan and Baiocchi, Michael},
  journal={Statistics in Medicine},
  volume={39},
  number={30},
  pages={4821--4840},
  year={2020},
  publisher={Wiley Online Library}
}

@article{chavez2018reversals,
  title={Reversals and Limitations on High-Intensity, Life-Sustaining Treatments},
  author={Chavez, Gustavo and Richman, Ilana B and Kaimal, Rajani and Bentley, Jason and Yasukawa, Lee Ann and Altman, Russ B and Periyakoil, Vyjeyanthi S and Chen, Jonathan H},
  journal={PloS one},
  volume={13},
  number={2},
  pages={e0190569},
  year={2018},
  publisher={Public Library of Science}
}

@article{ho2011matchit,
  title={\pkg{MatchIt}: Nonparametric Preprocessing for Parametric Causal Inference},
  author={Ho, Daniel E and Imai, Kosuke and King, Gary and Stuart, Elizabeth A and others},
  journal={Journal of Statistical Software, http://gking. harvard. edu/matchit},
  year={2011}
}

@book{friedman2001elements,
  title={The Elements of Statistical Learning},
  author={Friedman, Jerome and Hastie, Trevor and Tibshirani, Robert},
  volume={1},
  year={2001},
  publisher={Springer-Verlag}
}

  @Article{friedman2010regularization,
    title = {Regularization Paths for Generalized Linear Models via
      Coordinate Descent},
    author = {Jerome Friedman and Trevor Hastie and Robert Tibshirani},
    journal = {Journal of Statistical Software},
    year = {2010},
    volume = {33},
    number = {1},
    pages = {1--22},
    url = {http://www.jstatsoft.org/v33/i01/}
  }
  

@article{goodman2017designthinking,
  title={Using Design Thinking to Differentiate Useful from Misleading Evidence in Observational Research},
  author={Goodman, Steven N and Schneeweiss, Sebastian and Baiocchi, Michael},
  journal={Jama},
  volume={317},
  number={7},
  pages={705--707},
  year={2017},
  publisher={American Medical Association}
}

@article{hernan2016using,
  title={Using big data to emulate a target trial when a randomized trial is not available},
  author={Hern{\'a}n, Miguel A and Robins, James M},
  journal={American journal of epidemiology},
  volume={183},
  number={8},
  pages={758--764},
  year={2016},
  publisher={Oxford University Press}
}

@article{abadie2018endogenous,
  title={Endogenous stratification in randomized experiments},
  author={Abadie, Alberto and Chingos, Matthew M and West, Martin R},
  journal={Review of Economics and Statistics},
  volume={100},
  number={4},
  pages={567--580},
  year={2018},
  publisher={MIT Press}
}

@Manual{rosenbaum2019DOS2,
    title = {DOS2: Design of Observational Studies, Companion to the Second Edition},
    author = {Paul R. Rosenbaum},
    year = {2019},
    note = {R package version 0.5.2},
    url = {https://CRAN.R-project.org/package=DOS2}
  }
  
@Article{rigdon2018nearfar,
    title = {Near-Far Matching in {R}: The {nearfar} Package},
    author = {Joseph Rigdon and Michael Baiocchi and Sanjay Basu},
    journal = {Journal of Statistical Software, Code Snippets},
    year = {2018},
    volume = {86},
    number = {5},
    pages = {1--21}
  }
  
@article{glynn2019comparison,
  title={Comparison of alternative approaches to trim subjects in the tails of the propensity score distribution},
  author={Glynn, Robert J and Lunt, Mark and Rothman, Kenneth J and Poole, Charles and Schneeweiss, Sebastian and St{\"u}rmer, Til},
  journal={Pharmacoepidemiology and drug safety},
  volume={28},
  number={10},
  pages={1290--1298},
  year={2019},
  publisher={Wiley Online Library}
}

@Manual{rosenbaum2018senmv,
    title = {sensitivitymv: Sensitivity Analysis in Observational Studies},
    author = {Paul R. Rosenbaum},
    year = {2018},
    note = {R package version 1.4.3},
    url = {https://CRAN.R-project.org/package=sensitivitymv}
  }
  
@Manual{rosenbaum2014senmw,
    title = {sensitivitymw: Sensitivity analysis using weighted M-statistics},
    author = {Paul R. Rosenbaum},
    year = {2014},
    note = {R package version 1.1},
    url = {https://CRAN.R-project.org/package=sensitivitymw}
  }
  
@Manual{rosenbaum2017sensitivityfull,
    title = {sensitivityfull: Sensitivity Analysis for Full Matching in Observational Studies},
    author = {Paul R. Rosenbaum},
    year = {2017},
    note = {R package version 1.5.6},
    url = {https://CRAN.R-project.org/package=sensitivityfull}
  }
  
@ARTICLE{RELAX1988,
    title = {Relaxation Methods for Minimum Cost Ordinary and Generalized Network Flow Problems},
    author = {Bertsekas, Dimitri P. and Tseng, Paul},
    year = {1988},
    journal = {Operations Research},
    volume = {36},
    number = {1},
    pages = {93-114}
}

@article{austin2011introduction,
  title={An introduction to propensity score methods for reducing the effects of confounding in observational studies},
  author={Austin, Peter C},
  journal={Multivariate behavioral research},
  volume={46},
  number={3},
  pages={399--424},
  year={2011},
  publisher={Taylor \& Francis}
}

@book{lohr2019sampling,
  title={Sampling: Design and analysis: Design and analysis},
  author={Lohr, Sharon L},
  year={2019},
  publisher={CRC Press}
}

@article{abadie2021robust,
  title={Robust post-matching inference},
  author={Abadie, Alberto and Spiess, Jann},
  journal={Journal of the American Statistical Association},
  pages={1--13},
  year={2021},
  publisher={Taylor \& Francis}
}

@article{abadie2011bias,
  title={Bias-corrected matching estimators for average treatment effects},
  author={Abadie, Alberto and Imbens, Guido W},
  journal={Journal of Business \& Economic Statistics},
  volume={29},
  number={1},
  pages={1--11},
  year={2011},
  publisher={Taylor \& Francis}
}

@article{austin2020variance,
  title={Variance estimation when using propensity-score matching with replacement with survival or time-to-event outcomes},
  author={Austin, Peter C and Cafri, Guy},
  journal={Statistics in medicine},
  volume={39},
  number={11},
  pages={1623--1640},
  year={2020},
  publisher={Wiley Online Library}
}

@article{austin2014boot,
  title={The use of bootstrapping when using propensity-score matching without replacement: a simulation study},
  author={Austin, Peter C and Small, Dylan S},
  journal={Statistics in medicine},
  volume={33},
  number={24},
  pages={4306--4319},
  year={2014},
  publisher={Wiley Online Library}
}

@article{ho2007matching,
  title={Matching as nonparametric preprocessing for reducing model dependence in parametric causal inference},
  author={Ho, Daniel E and Imai, Kosuke and King, Gary and Stuart, Elizabeth A},
  journal={Political analysis},
  volume={15},
  number={3},
  pages={199--236},
  year={2007},
  publisher={Cambridge University Press}
}

@MISC{Greifer2020-sz,
  title        = "Estimating Effects After Matching",
  author       = "Greifer, Noah",
  month        =  dec,
  year         =  2020,
  howpublished = "\url{https://cran.r-project.org/web/packages/MatchIt/vignettes/estimating-effects.html}",
  note         = "Accessed: 2021-5-3"
}

@article{tipton2013improving,
  title={Improving generalizations from experiments using propensity score subclassification: Assumptions, properties, and contexts},
  author={Tipton, Elizabeth},
  journal={Journal of Educational and Behavioral Statistics},
  volume={38},
  number={3},
  pages={239--266},
  year={2013},
  publisher={Sage Publications Sage CA: Los Angeles, CA}
}

@Manual{RTeam2019R,
    title = {R: A Language and Environment for Statistical Computing},
    author = {{R Core Team}},
    organization = {R Foundation for Statistical Computing},
    address = {Vienna, Austria},
    year = {2019},
    url = {https://www.R-project.org/}
  }