% put bibtex entries here!
@article{Belsley1984,
  title={Demeaning conditioning diagnostics through centering},
  author={Belsley, David A},
  journal={The American Statistician},
  volume={38},
  number={2},
  pages={73--77},
  year={1984},
  publisher={Taylor \& Francis}
}

@article{Marquardt1980,
    author  = {Marquardt, D.W.},
    year    = {1980},
    title   = {{A Critique of Some Ridge Regression Methods: Comment}},
    journal = {Journal of the American Statistical Association},
    volume  = {75},
    number  = {369},
    pages   = {87-91}
}

@article{SneeMarquardt1984,
  title={{Comment: Collinearity diagnostics depend on the domain of prediction, the model, and the data}},
  author={Snee, R.D. and Marquardt, D.W.},
  journal={The American Statistician},
  volume={38},
  number={2},
  pages={83--87},
  year={1984},
}

@book{Belsleyetal1980,
author = {Belsley, D.A. and Kuh, E. and Welsch, R.E.},
title = {{Regression diagnostics: Identifying influential data and sources of collinearity}},
publisher = {John Wiley \& Sons},
year = {1980},
edition = {},
address = {New York},
isbn = {},
}

@article{Salmeron2020a,
  title={Diagnosis and quantification of the non-essential collinearity},
  author={Salmer\'on, Rom\'an and Rodr\'iguez, Ainara and Garc\'ia, Catalina},
  journal={Computational Statistics},
  volume={35},
  number={},
  pages={647--666},
  year={2020},
  publisher={}
}

@article{Belsley1991,
  title={A guide to using the collinearity diagnostics},
  author={Belsley, David},
  journal={Computational Science in Economics and Manegement},
  volume={4},
  number={},
  pages={33-50},
  year={1991},
  publisher={}
}

@article{OBrien2007,
    author  = {O'Brien, R.M.},
    year    = {2007},
    title   = {{A caution regarding rules of thumb for variance inflation factors}},
    journal = {Quality \& Quantity},
    volume  = {41},
    pages   = {673--690}
}

@article{salmeron2018JSCS,
  title={Variance inflation factor and condition number in multiple linear regression},
  author={Salmer\'on, R. and Garc\'ia, C. and Garc\'ia, J.},
  journal={Journal of Statistical Computation and Simulation},
  pages={2365--2384},
  year={2018},
  volume={88},
  number={},
  publisher={}
}

@article{Marquardt1970,
    author  = {Marquardt, D.W.},
    year    = {1970},
    title   = {{Generalized inverses, ridge regression, biased linear estimation and nonlinear estimation}},
    journal = {Technometrics},
    volume  = {12},
    number  = {3},
    pages   = {591--612}
}

@article{Marquardt1980,
  title={You should standardize the predictor variables in your regression models},
  author={Marquardt, D. W.},
  journal={J. Amer. Statist. Assoc.},
  volume={75},
  number={369},
  pages={87--91},
  year={1980}
}


@article{NelsonSiegel1987,
  title={{Pparsimonious modeling of yield curves}},
  author={Nelson, C.R. and Siegel, A.F.},
  journal={q Journal of Business},
  volume={60},
  number={4},
  pages={473--489},
  year={1987}
}

@article{Jaeger2010,
  title={{Redundancy and reduction: Speakers manage syntactic information density}},
  author={Jaeger, T.F.},
  journal={Cognitive psychology},
  volume={61},
  number={1},
  pages={23--62},
  year={2010},
 }

@article{Jorgenson2006,
  title={{Global warming and the neglected greenhouse gas: A cross-national study of the social causes of methane emissions intensity, 1995}},
  author={Jorgenson, A.K.},
  journal={Social Forces},
  volume={84},
  number={3},
  pages={1779--1798},
  year={2006},
 }

@article{BandeljMahutga2010,
  title={{How socio-economic change shapes income inequality in post-socialist Europe}},
  author={Bandelj, N. and Mahutga, M.C.},
  journal={Social Forces},
  volume={88},
  number={5},
  pages={2133--2161},
  year={2010},
  }

@article{WaltonRagin1990,
  title={{Global and national sources of political protest: Third world responses to the debt crisis}},
  author={Walton, J. and Ragin, C.},
  journal={American Sociological Review},
  pages={876--890},
  year={1990},
  volume={55},
}

@article{MahutgaBandelj2008,
  title={{Foreign investment and income inequality: The natural experiment of Central and Eastern Europe}},
  author={Mahutga, M.C. and Bandelj, N.},
  journal={International Journal of Comparative Sociology},
  volume={49},
  number={6},
  pages={429--454},
  year={2008},
  }

@article{KentorKick2008,
  title={{Bringing the military back in: Military expenditures and economic growth 1990 to 2003}},
  author={Kentor, J. and Kick, E.},
  journal={Journal of World-Systems Research},
  volume={14},
  number={2},
  pages={142--172},
  year={2008}
}

  @article{Bradshaw1987,
  title={{Urbanization and underdevelopment: A global study of modernization, urban bias, and economic dependency}},
  author={Bradshaw, Y.W.},
  journal={American Sociological Review},
  volume={52},
  number={2},
  pages={224--239},
  year={1987},
}

@article{JorgensonBurns2007,
  title={{The political-economic causes of change in the ecological footprints of nations, 1991--2001: a quantitative investigation}},
  author={Jorgenson, A.K. and Burns, T.J.},
  journal={Social Science Research},
  volume={36},
  number={2},
  pages={834--853},
  year={2007},
}

@book{Novales1988,
author = {Novales, A.},
title = {{Econometr\'ia}},
publisher = {McGraw-Hill},
year ={1988},
address = {Madrid},
}

@book{Wooldridge2008,
author = {Wooldridge, J.M.},
title = {{Introducci\'on a la econometr\'ia. Un enfoque moderno}},
publisher = {Thomson Paraninfo},
year = {2008},
edition = {Second},
address = {Madrid},
}

@article{LauridsenMur2006,
  title={{Multicollinearity in cross-sectional regressions}},
  author={Lauridsen, J. and Mur, J.},
  journal={Journal of Geographical Systems},
  volume={8},
  number={4},
  pages={317--333},
  year={2006},
}

@book{ChatterjeeHadi1988,
    author  = {Chatterjee, S. and Hadi, A.S.},
    year    = {1988},
    title   = {{Sensitivity anallysis in linear regression}},
    publisher = {John Wiley},
    address = {New York}
}

@misc{Paul2006,
  title={{Multicollinearity: Causes, effects and remedies}},
  author={Paul, R.K.},
howpublished={M. Sc. (Agricultural Statistics), Roll No. 4405},
note ={IASRI, New Delhi},
  year={2006}
}

@book{Belsleyetal1980,
author = {Belsley, D.A. and Kuh, E. and Welsch, R.E.},
title = {{Regression diagnostics: Identifying influential data and sources of collinearity}},
publisher = {John Wiley \& Sons},
year = {1980},
edition = {},
address = {New York},
isbn = {},
}

@article{Belsley1991,
  title={A guide to using the collinearity diagnostics},
  author={Belsley, David},
  journal={Computational Science in Economics and Manegement},
  volume={4},
  number={},
  pages={33-50},
  year={1991},
  publisher={}
}


@book{Gujarati2010,
author = {Gujarati, D.},
title = {{Basic Econometrics}},
publisher = {McGraw Hill},
year = {2010},
edition={8th},
}

@article{JorgensonClark2009,
title={{The economy, military, and ecologically unequal exchange relationships in comparative perspective: a panel study of the ecological footprints of nations, 1975-2000}},
author={Jorgenson, A.K. and Clark, B.},
journal={Social Problems},
volume={56},
number={4},
pages={621-646},
year={2009},
}

@article{Lemhoferetal2008,
title={{Native language influences on word recognition in a second language: A megastudy}},
author={Lemh{\"o}fer, K. and Dijkstra, T. and Schriefers, H. and Baayen, R.H. and Grainger, J. and Zwitserlood, P.},
journal={Journal of Experimental Psychology: Learning, Memory, and Cognition},
volume={34},
number={1},
pages={12},
year={2008},
}

@article{Kupermanetal2008,
title={{Morphological dynamics in compound processing}},
author={Kuperman, V. and Bertram, R. and Baayen, R.H.},
journal={Language and Cognitive Processes},
volume={23},
number={7-8},
pages={1089--1132},
year={2008},
 }

@article{Kupermanetal2010,
title={{Processing trade-offs in the reading of Dutch derived words}},
author={Kuperman, V. and Bertram, R. and Baayen, R.H.},
journal={Journal of Memory and Language},
volume={62},
number={2},
pages={83--97},
year={2010},
}

@article{knight2011environmental,
title={The environmental efficiency of well-being: A cross-national analysis},
author={Knight, Kyle W and Rosa, Eugene A},
journal={Social Science Research},
volume={40},
number={3},
pages={931--949},
year={2011},
publisher={Elsevier}
}

@article{CohenGoldberg2012,
  title={{Phonological competition within the word: Evidence from the phoneme similarity effect in spoken production}},
  author={Cohen-Goldberg, A.M.},
  journal={Journal of Memory and Language},
  volume={67},
  number={1},
  pages={184--198},
  year={2012},
 }

@article{Ambridgeetal2012,
  title={{Semantics versus statistics in the retreat from locative overgeneralization errors}},
  author={Ambridge, B. and Pine, J.M. and Rowland, C.F.},
  journal={Cognition},
  volume={123},
  number={2},
  pages={260--279},
  year={2012},
 }

@article{rommers2015verbal,
  title={Verbal and nonverbal predictors of language-mediated anticipatory eye movements},
  author={Rommers, Joost and Meyer, Antje S and Huettig, Falk},
  journal={Attention, Perception, \& Psychophysics},
  volume={77},
  number={3},
  pages={720--730},
  year={2015},
  publisher={Springer}
}

@article{WurmFisicaro2014,
  title={{What residualizing predictors in regression analyses does (and what it does not do)}},
  author={Wurm, L.H. and Fisicaro, S.A.},
  journal={Journal of Memory and Language},
  volume={72},
  pages={37--48},
  year={2014},
}

@book{Kennedy1992,
    author  = {Kennedy, P.E.},
    year    = {1992},
    title   = {{A guide to Econometrics (3rd ed.)}},
    publisher = {MIT Press}
}

@article{OBrien2007,
    author  = {O'Brien, R.M.},
    year    = {2007},
    title   = {{A caution regarding rules of thumb for variance inflation factors}},
    journal = {Quality \& Quantity},
    volume  = {41},
    pages   = {673--690}
}

@article{Marquardt1970,
    author  = {Marquardt, D.W.},
    year    = {1970},
    title   = {{Generalized inverses, ridge regression, biased linear estimation and nonlinear estimation}},
    journal = {Technometrics},
    volume  = {12},
    number  = {3},
    pages   = {591--612}
}

@article{jorgenson2015changing,
  title={The changing effect of economic development on the consumption-based carbon intensity of well-being, 1990--2008},
  author={Jorgenson, Andrew K and Givens, Jennifer},
  journal={PloS one},
  volume={10},
  number={5},
  pages={e0123920},
  year={2015},
  publisher={Public Library of Science}
}

@article{jorgenson2014economic,
  title={Economic development and the carbon intensity of human well-being},
  author={Jorgenson, Andrew K},
  journal={Nature Climate Change},
  volume={4},
  number={3},
  pages={186},
  year={2014},
  publisher={Nature Publishing Group}
}

@article{jorgenson2018inequality,
  title={Inequality, poverty, and the carbon intensity of human well-being in the United States: a sex-specific analysis},
  author={Jorgenson, Andrew K and Dietz, Thomas and Kelly, Orla},
  journal={Sustainability Science},
  volume={13},
  number={4},
  pages={1167--1174},
  year={2018},
  publisher={Springer}
}

 @article{Annaertetal2013,
  title={{Estimating the spot rate curve using the Nelson--Siegel model: A ridge regression approach}},
  author={Annaert, J. and Claes, A.G.P. and De Ceuster, M.J.K. and Zhang, H.},
  journal={International Review of Economics \& Finance},
  volume={27},
  pages={482--496},
  year={2013},
 }

  @techreport{Svensson1994,
  title={{Estimating and interpreting forward interest rates: Sweden 1992-1994}},
  author={Svensson, L.E.O.},
  year={1994},
  institution={National Bureau of Economic Research}
}

 @article{Leonetal2018,
  title={{On multicollinearity and the value of the shape parameter in the term structure Nelson-Siegel model}},
  author={Le{\'o}n, A. and Rubia, A. and Sanchis-Marco, L.},
  journal={Aestimatio},
  volume={16},
  pages={8},
  year={2018},
 }

@article{DieboldLi2006,
  title={{Forecasting the term structure of government bond yields}},
  author={Diebold, F.X. and Li, C.},
  journal={Journal of econometrics},
  volume={130},
  number={2},
  pages={337--364},
  year={2006},
}

@book{KleinGoldberger,
  title={An Economic Model of the Untied States 1929-1952},
  author={Klein, Lawrence Robert and Goldberger, Arthur S},
  year={1955},
  publisher={North-Holland Publishing Company}
}

@article{OBrien,
  title={A caution regarding rules of thumb for variance inflation factors},
  author={O’brien, Robert M},
  journal={Quality \& quantity},
  volume={41},
  number={5},
  pages={673--690},
  year={2007},
  publisher={Springer}
}

@article{ramanathan,
  title={Introductory econometrics with applications},
  author={Ramanathan, Ramu},
  year={2002},
  publisher={Harcount College Publishers}
}

@article{SpanosMcGuirk,
  title={The problem of near-multicollinearity revisited: erratic vs systematic volatility},
  author={Spanos, Aris and McGuirk, Anya},
  journal={Journal of Econometrics},
  volume={108},
  number={2},
  pages={365--393},
  year={2002},
  publisher={Elsevier}
}

@article{buse1994brickmaking,
  title={Brickmaking and the collinear arts: A cautionary tale},
  author={Buse, Adolf},
  journal={Canadian Journal of Economics},
  pages={408--414},
  year={1994},
  publisher={JSTOR}
}

@article{kennedy1982eliminating,
  title={Eliminating problems caused by multicollinearity: A warning},
  author={Kennedy, Peter E},
  journal={The Journal of Economic Education},
  volume={13},
  number={1},
  pages={62--64},
  year={1982},
  publisher={Taylor \& Francis}
}

@article{hill2007collinearity,
  title={Collinearity. In a Companion to Theoretical Econometrics},
  author={Hill, RC and Adkins, LC},
  journal={Oxford, UK: Blackwell Publishing. Hausman, JA (1978). Specification Test in Econometrics. ECONOMETRICA, Journal of Econometric Society},
  volume={46},
  number={6},
  pages={1251--1271},
  year={2007}
}

@article{garcia2011raise,
  title={The raise method. An alternative procedure to estimate the parameters in presence of collinearity},
  author={Garcia, Catalina Garcia and P{\'e}rez, Jos{\'e} Garc{\'\i}a and Liria, Jos{\'e} Soto},
  journal={Quality \& Quantity},
  volume={45},
  number={2},
  pages={403--423},
  year={2011},
  publisher={Springer}
}

@article{Garciaetal2019b,
title={{Residualization: justification, properties and application}},
year={2019},
author= {Garc{\'\i}a, C.~B. and Salmer{\'o}n, R. and Garc{\'\i}a, C. and Garc\'{i}a, J.},
journal = {Journal of Applied Statistics},
volume={},
number={},
pages={},
doi={10.1080/02664763.2019.1701638},
}

@article{York,
  title={Residualization is not the answer: Rethinking how to address multicollinearity},
  author={York, Richard},
  journal={Social Science Research},
  volume={41},
  number={6},
  pages={1379--1386},
  year={2012},
  publisher={Elsevier}
}

@book{Wissell,
  title={A new biased estimator for multivariate regression models with highly collinear variables},
  author={Wissel, Julia},
  year={2009},
  publisher={Universität Würzburg}
}

@book{HastieTibshirani,
  title={An introduction to Statistical Learning with application in R},
  author={James, Gareth and Witten, Daniela and Hastie, Trevor and Tibshirani, Robert},
  year={2013},
  publisher={Springer}
}

@article{WinshipWestern,
  title={Multicollinearity and model misspecification},
  author={Winship, Christopher and Western, Bruce},
  journal={Sociological Science},
  volume={3},
  number={},
  pages={627--649},
  year={2016},
  publisher={}
}

@book{Goldberger,
  title={A Course in Econometrics},
  author={Goldberger, Arthur S},
  year={1991},
  publisher={Cambridge: Harvard University Press}
}

@article{Salmeron2020a,
  title={Diagnosis and quantification of the non-essential collinearity},
  author={Salmer\'on, Rom\'an and Rodr\'iguez, Ainara and Garc\'ia, Catalina},
  journal={Computational Statistics},
  volume={35},
  number={},
  pages={647--666},
  year={2020},
  publisher={}
}

@article{Salmeron2020b,
  title={A guide to using the R package multiColl for detecting multicollinearity},
  author={Salmer\'on, Rom\'an and Garc\'ia, Catalina and Garc\'ia, Jos\'e},
  journal={Computational Economics},
  volume={57},
  number={},
  pages={529--536},
  year={2021},
  doi={10.1007/s10614-019-09967-y},
  publisher={}
}

@article{Salmeron2022,
  title={The multiColl package versus other existing packages in R to detect multicollinearity},
  author={Salmer\'on, Rom\'an and Garc\'ia, Catalina and Garc\'ia, Jos\'e},
  journal={Computational Economics},
  volume={},
  number={},
  pages={},
  year={2021},
  doi={10.1007/s10614-021-10154-1},
  publisher={}
}

@article{Belsley1991,
  title={A guide to using the collinearity diagnostics},
  author={Belsley, David},
  journal={Computational Science in Economics and Manegement},
  volume={4},
  number={},
  pages={33-50},
  year={1991},
  publisher={}
}

@article{HoerlKennard1970a,
  title={Ridge Regression: Biased Estimation for Nonorthogonal Problems},
  author={Hoerl, A.E. and Kennard, R.W.},
  journal={Technometrics},
  volume={12},
  number={1},
  pages={55--67},
  year={1970}
}

@article{HoerlKennard1970b,
  title={Ridge Regression: Applications to Nonorthogonal Problems},
  author={Hoerl, A.E. and Kennard, R.W.},
  journal={Technometrics},
  volume={12},
  number={1},
  pages={69--82},
  year={1970}
}

@article{ZouHastie,
  title={Regularization and variable selection via the elastic net},
  author={Zou, H. and Hastie, T.},
  journal={Journal of the Royal Statistical Society: Series B (Statistical Methodology)},
  volume={67},
  number={},
  pages={301--320},
  year={2005}
}

@article{Tibshirani1996,
  title={Regression shrinkage and selection via the lasso},
  author={Tibshirani, Robert},
  journal={Journal of the Royal Statistical Society. Series B (Methodological)},
  pages={267--288},
  year={1996},
  publisher={JSTOR}
}

@article{LinWangMueller2020,
  title={MCVIS: A new framework for collinearity discovery, diagnostic and visualization},
  author={Lin, C. and Wang, K. and Mueller, S.},
  journal={Journal of Computational and Graphical Statistics},
  pages={},
  year={2020},
  doi={10.1080/10618600.2020.1779729},
  publisher={}
}

@article{tourr,
  title={tourr: A R package for exploring multivariate data with projections},
  author={Wickham, Hadley and Cook, Dianne and Hofmann, Heike and Buja, Andreas},
  journal={Journal of Statistical Software},
  volume={40},
  number={2},
  pages={1--18},
  year={2011},
  doi={10.18637/jss.v040.i02},
  publisher={}
}

@article{garciaetal2016,
  title={Standardization of Variables and Collinearity Diagnostic in Ridge Regression},
  author={Garc\'ia, J. and Salmer\'on, R. and Garc\'ia, C. and L\'opez, M.},
  journal={International Statistical Review},
  pages={245--266},
  year={2016},
  volume={84},
  publisher={}
}


@article{salmeron2018,
  title={Transformation of variables and the condition number in ridge estimation},
  author={Salmer\'on, R. and Garc\'ia, J. and Garc\'ia, C. and L\'opez, M.},
  journal={Computational Statistics},
  pages={1497--1524},
  year={2018},
  volume={33},
  publisher={}
}

@article{salmeron2019velilla,
  title={Comment on ``A Note on Collinearity Diagnostics and Centering'' by Velilla (2018)},
  author={Salmer\'on, R. and Garc\'ia, C. and Garc\'ia, J.},
  journal={The American Statistician},
  pages={68--71},
  year={2020},
  volume={74},
  number={1},
  publisher={}
}

@article{garcia2019claudia,
  title={Choice of the ridge factor from the correlation matrix determinant},
  author={Garc\'ia, C. and Salmer\'on, R. and Garc\'ia, C.B.},
  journal={Journal of Statistical Computation and Simulation},
  pages={211--231},
  year={2019},
  volume={89},
  number={2},
  publisher={}
}

@article{salmeron2018JSCS,
  title={Variance inflation factor and condition number in multiple linear regression},
  author={Salmer\'on, R. and Garc\'ia, C. and Garc\'ia, J.},
  journal={Journal of Statistical Computation and Simulation},
  pages={2365--2384},
  year={2018},
  volume={88},
  number={},
  publisher={}
}

@article{HalkosTsilika,
  title={Programming correlation criteria with free cas software},
  author={Halkos, G. and Tsilika, K.},
  journal={Computational Economics},
  pages={299--311},
  year={2018},
  volume={52},
  number={1},
  publisher={}
}

  @Manual{ISLR,
    title = {ISLR: Data for an Introduction to Statistical Learning with Applications in R},
    author = {James, Gareth and Witten, Daniela and Hastie, Trevor and Tibshirani, Rob},
    year = {2021},
    note = {R package version 1.4},
    url = {https://CRAN.R-project.org/package=ISLR},
  }
