@Manual{R,
  title = {R: A Language and Environment for Statistical Computing},
  author = {{R Core Team}},
  organization = {R Foundation for Statistical Computing},
  address = {Vienna, Austria},
  year = {2019},
  note = {{ISBN} 3-900051-07-0},
  url = {https://www.R-project.org/},
}

@Manual{frasca2019logging,
  title = {logging: R Logging Package},
  author = {Mario Frasca},
  year = {2019},
  note = {R package version 0.10-108},
  url = {https://CRAN.R-project.org/package=logging},
}

@Manual{burger2018runit,
  title = {RUnit: R Unit Test Framework},
  author = {Matthias Burger and Klaus Juenemann and Thomas Koenig},
  year = {2018},
  note = {R package version 0.4.32},
  url = {https://CRAN.R-project.org/package=RUnit},
}

@Manual{gaslam2019unitizer,
  title = {unitizer: Interactive R Unit Tests},
  author = {Brodie Gaslam},
  year = {2021},
  note = {R package version 1.4.14},
  url = {https://CRAN.R-project.org/package=unitizer},
}


@Manual{xie2018testit,
  title = {testit: A Simple Package for Testing R Packages},
  author = {Yihui Xie},
  year = {2021},
  note = {R package version 0.13},
  url = {https://CRAN.R-project.org/package=testit},
}


@Manual{hester2018covr,
  title = {covr: Test Coverage for Packages},
  author = {Jim Hester},
  year = {2020},
  note = {R package version 3.5.1},
  url = {https://CRAN.R-project.org/package=covr},
}


@Manual{hester2019bench,
  title = {bench: High Precision Timing of R Expressions},
  author = {Jim Hester},
  year = {2020},
  note = {R package version 1.1.1},
  url = {https://CRAN.R-project.org/package=bench},
}


@Manual{mersmann2018microbenchmark,
  title = {microbenchmark: Accurate Timing Functions},
  author = {Olaf Mersmann},
  year = {2019},
  note = {R package version 1.4-7},
  url = {https://CRAN.R-project.org/package=microbenchmark},
}


@article{mount2018dot,
  author = {John Mount and Nina Zumel},
  title = {{Dot-Pipe: an S3 Extensible Pipe for R}},
  year = {2018},
  journal = {{The R Journal}},
  doi = {10.32614/RJ-2018-042},
  url = {https://doi.org/10.32614/RJ-2018-042},
  pages = {309--316},
  volume = {10},
  number = {2}
}


@Article{wickham2011testthat,
  author = {Hadley Wickham},
  title = {testthat: Get Started with Testing},
  journal = {The R Journal},
  year = {2011},
  volume = {3},
  pages = {5--10},
  url = {https://journal.r-project.org/archive/2011-1/RJournal_2011-1_Wickham.pdf},
}

@Manual{rowe2018lambda.r,
  title = {lambda.r: Modeling Data with Functional Programming},
  author = {Brian Lee Yung Rowe},
  year = {2018},
  note = {R package version 1.2.3},
  url = {https://CRAN.R-project.org/package=lambda.r}
}

@Manual{rowe2016futile.logger,
  title = {futile.logger: A Logging Utility for R},
  author = {Brian Lee Yung Rowe},
  year = {2016},
  note = {R package version 1.4.3},
  url = {https://CRAN.R-project.org/package=futile.logger}
}

@Manual{rowe2018futile.options,
  title = {futile.options: Futile Options Management},
  author = {Brian Lee Yung Rowe},
  year = {2018},
  note = {R package version 1.4.3},
  url = {https://CRAN.R-project.org/package=futile.options}
}


@Manual{daroczi2019logger,
  title = {logger: A Lightweight, Modern and Flexible Logging Utility},
  author = {Gergely Dar√≥czi},
  year = {2021},
  note = {R package version 0.2.0},
  url = {https://CRAN.R-project.org/package=logger},
}



@Manual{bache2014magrittr,
  title = {magrittr: A Forward-Pipe Operator for R},
  author = {Stefan Milton Bache and Hadley Wickham},
  year = {2014},
  note = {R package version 1.5},
  url = {https://CRAN.R-project.org/package=magrittr}
}

@Manual{chang2019r6,
  title = {R6: Encapsulated Classes with Reference Semantics},
  author = {Winston Chang},
  year = {2020},
  note = {R package version 2.5.0},
  url = {https://CRAN.R-project.org/package=R6},
}


@article{ihaka1996R,
  Author = {Ihaka, Ross and Gentleman, Robert},
	Journal = {Journal of Computational and Graphical Statistics},
	Number = 3,
	Pages = {299--314},
	Title = {R: A Language for Data Analysis and Graphics},
	Volume = 5,
	Year = 1996,
        url = {https://doi.org/10.1080/10618600.1996.10474713}
}

@Manual{loo2019tinytest,
  title = {tinytest: Lightweight but Feature Complete Unit Testing Framework},
  author = {Mark {van der Loo}},
  year = {2020},
  note = {R package version 1.2.4},
  url = {https://github.com/markvanderloo/tinytest},
}

@techreport{opengroup,
  title = {The {O}pen {G}roup {B}ase {S}pecification issue 7},
  author = {The {O}pen {G}roup},
  year   = {2018},
  publisher = {{IEEE} and {T}he {O}pen {G}roup}
}


@article{loo2019lumberjack,
  title = {Monitoring {D}ata in {R} with the lumberjack {P}ackage},
  author = {van der Loo, Mark P J},
  year = {2021},
  journal = {Journal of Statistical Software},
  volume  = {98},
  issue   = {1},
  pages   = {1--13}
}



@article{loo2019validate,
  title = {Data validation infrastructure for {R}},
  author = {M.P.J. van der Loo and E. de Jonge},
  year   = {2019},
  note   = {submitted},
  url = {https://CRAN.R-project.org/package=validate}
}


@book{milewski2018category,
  title={Category Theory for Programmers},
  author={Milewski, B.},
  isbn={9780464825081},
  year={2018},
  publisher={Blurb, Incorporated},
  note  ={See also the online lectures: \href{https://youtu.be/I8LbkfSSR58}{https://youtu.be/I8LbkfSSR58}}
}



