@article{Sy_Taylor_2000,
author = {Sy, Judy P. and Taylor, Jeremy M. G.},
title = {Estimation in a Cox Proportional Hazards Cure Model},
journal = {Biometrics},
volume = {56},
number = {1},
pages = {227-236},
URL = {https://doi.org/10.1111/j.0006-341X.2000.00227.x},
year = {2000}
}

@ARTICLE{Hendry_2014,
  author = {D.J. Hendry},
  title = {Data generation for the cox proportional hazards model with time-dependent covariates: a method for medical researchers},
  journal = {Statistics in medicine},
  year = {2014},
  volume = {33},
  pages = {436--454},
  URL = {https://doi.org/10.1002/sim.5945}
}


@Manual{nltm,
  title = {nltm: Non-Linear Transformation Models},
  author = {Gilda Garibotti and Alexander Tsodikov and Mark Clements},
  year = {2019},
  note = {R package version 1.4.2},
  url = {https://CRAN.R-project.org/package=nltm},
}

@article{Tsodikov_2003_general,
  author = {Tsodikov, A.},
  title = {Semiparametric models: a generalized self-consistency approach},
  journal = {Journal of the Royal Statistical Society: Series B (Statistical Methodology)},
  volume = {65},
  number = {3},
  pages = {759-774},
  url = {https://doi.org/10.1111/1467-9868.00414},
  year = {2003}
}

@article{Tsodikov_2003_cure,
 URL = {https://doi.org/10.1198/01622145030000001007},
 author = {A. D. Tsodikov and J. G. Ibrahim and A. Y. Yakovlev},
 journal = {Journal of the American Statistical Association},
 number = {464},
 pages = {1063--1078},
 publisher = {[American Statistical Association, Taylor & Francis, Ltd.]},
 title = {Estimating Cure Rates from Survival Data: An Alternative to Two-Component Mixture Models},
 volume = {98},
 year = {2003}
}

@Manual{smcure,
  title = {smcure: Fit Semiparametric Mixture Cure Models},
  author = {Chao Cai and Yubo Zou and Yingwei Peng and Jiajia Zhang},
  year = {2012},
  note = {R package version 2.0},
  url = {https://CRAN.R-project.org/package=smcure}
}

@Manual{spduration,
  title = {spduration: Split-Population Duration (Cure) Regression},
  author = {Andreas Beger and Daina Chiba and Daniel W. {Hill, Jr.} and Nils W. Metternich and Shahryar Minhas and Michael D. Ward},
  year = {2018},
  note = {R package version 0.17.1},
  url = {https://CRAN.R-project.org/package=spduration},
}

@Manual{flexsurvcure,
  title = {flexsurvcure: Flexible Parametric Cure Models},
  author = {Jordan Amdahl},
  year = {2019},
  note = {R package version 1.0.0},
  url = {https://CRAN.R-project.org/package=flexsurvcure},
}

@Article{flexsurv,
  title = {{flexsurv}: A Platform for Parametric Survival Modeling in {R}},
  author = {Christopher Jackson},
  journal = {Journal of Statistical Software},
  year = {2016},
  volume = {70},
  number = {8},
  pages = {1--33},
  URL = {https://doi.org/10.18637/jss.v070.i08},
}

@Manual{penPHcure,
    title = {penPHcure: Variable Selection in PH Cure Model with Time-Varying Covariates},
    author = {Alessandro Beretta and Cédric Heuchenne},
    year = {2019},
    note = {R package version 1.0.2},
    url = {https://CRAN.R-project.org/package=penPHcure},
  }
  
@article{Breslow_1974,
 URL = {https://doi.org/10.2307/2529620},
 author = {N. Breslow},
 journal = {Biometrics},
 number = {1},
 pages = {89--99},
 publisher = {[Wiley, International Biometric Society]},
 title = {Covariance Analysis of Censored Survival Data},
 volume = {30},
 year = {1974}
}

@article{Efron_1977,
  author = {Bradley Efron},
  title = {The Efficiency of Cox's Likelihood Function for Censored Data},
  journal = {Journal of the American Statistical Association},
  volume = {72},
  number = {359},
  pages = {557-565},
  year  = {1977},
  URL = {https://doi.org/10.1080/01621459.1977.10480613}
}

@article{Beretta_Heuchenne_2019,
  author = {Alessandro Beretta and Cédric Heuchenne},
  title = {Variable selection in proportional hazards cure model with time-varying covariates, application to US bank failures},
  journal = {Journal of Applied Statistics},
  volume = {46},
  number = {9},
  pages = {1529-1549},
  year  = {2019},
  URL = {https://doi.org/10.1080/02664763.2018.1554627}
}


@article{Boag_1949,
  author = {Boag, John W.},
  title = {Maximum Likelihood Estimates of the Proportion of Patients Cured by Cancer Therapy},
  journal = {Journal of the Royal Statistical Society: Series B (Methodological)},
  volume = {11},
  number = {1},
  pages = {15-44},
  url = {https://doi.org/10.1111/j.2517-6161.1949.tb00020.x},
  year = {1949}
}

@article{Amico_2018,
  author = {Amico, Maïlis and Van Keilegom, Ingrid},
  title = {Cure Models in Survival Analysis},
  journal = {Annual Review of Statistics and Its Application},
  volume = {5},
  number = {1},
  pages = {311-342},
  year = {2018},
  url = {https://doi.org/10.1146/annurev-statistics-031017-100101}
}

@article{Berkson_Gage_1952,
  URL = {https://doi.org/10.2307/2281318},
  author = {Joseph Berkson and Robert P. Gage},
  journal = {Journal of the American Statistical Association},
  number = {259},
  pages = {501--515},
  title = {Survival Curve for Cancer Patients Following Treatment},
  volume = {47},
  year = {1952}
}

@article{Cox_1972,
  url = {https://doi.org/10.2307/2985181},
  author = {D. R. Cox},
  journal = {Journal of the Royal Statistical Society. Series B (Methodological)},
  number = {2},
  pages = {187--220},
  publisher = {[Royal Statistical Society, Wiley]},
  title = {Regression Models and Life-Tables},
  volume = {34},
  year = {1972}
}


@article{Schmidt_Witte_1989,
  title = "Predicting criminal recidivism using ‘split population’ survival time models",
  journal = "Journal of Econometrics",
  volume = "40",
  number = "1",
  pages = "141 - 159",
  year = "1989",
  url = "https://doi.org/10.1016/0304-4076(89)90034-1",
  author = "Peter Schmidt and Ann Dryden Witte"
}

@article{Cole_Gunther_1995,
  title = "Separating the likelihood and timing of bank failure",
  journal = "Journal of Banking \& Finance",
  volume = "19",
  number = "6",
  pages = "1073 - 1089",
  year = "1995",
  url = "https://doi.org/10.1016/0378-4266(95)98952-M",
  author = "Rebel A. Cole and Jeffery W. Gunther"
}


@article{Svolik_2008, 
  title = {Authoritarian Reversals and Democratic Consolidation}, 
  volume = {102}, 
  url = {https://doi.org/10.1017/S0003055408080143}, 
  number = {2}, 
  journal = {American Political Science Review}, 
  publisher = {Cambridge University Press}, 
  author = {Milan Svolik}, 
  year = {2008}, 
  pages = {153–168}
}


@article{Polo_2011,
  title = "The Effect of Pricing and Advertising on Customer Retention in a Liberalizing Market",
  journal = "Journal of Interactive Marketing",
  volume = "25",
  number = "4",
  pages = "201 - 214",
  year = "2011",
  url = "https://doi.org/10.1016/j.intmar.2011.02.002",
  author = "Yolanda Polo and F. Javier Sese and Peter C. Verhoef"
}


@article{Meeker_1987,
  author = {William Q. Meeker},
  title = {Limited Failure Population Life Tests: Application to Integrated Circuit Reliability},
  journal = {Technometrics},
  volume = {29},
  number = {1},
  pages = {51-65},
  year  = {1987},
  publisher = {Taylor & Francis},
  url = {https://doi.org/10.1080/00401706.1987.10488183}
}

@article{Tong_2012,
title = "Mixture cure models in credit scoring: If and when borrowers default",
journal = "European Journal of Operational Research",
volume = "218",
number = "1",
pages = "132-139",
year = "2012",
url = "https://doi.org/10.1016/j.ejor.2011.10.007",
author = "Edward N.C. Tong and Christophe Mues and Lyn C. Thomas",
}


@article{Fan_Li_2001,
 URL = {https://doi.org/10.1198/016214501753382273},
 author = {Jianqing Fan and Runze Li},
 journal = {Journal of the American Statistical Association},
 number = {456},
 pages = {1348--1360},
 publisher = {[American Statistical Association, Taylor & Francis, Ltd.]},
 title = {Variable Selection via Nonconcave Penalized Likelihood and Its Oracle Properties},
 volume = {96},
 year = {2001}
}

@article{Fan_Li_2002,
  title = "Variable selection for Cox's proportional hazards model and frailty model",
  author = "Jianoing Fan and Runze Li",
  year = "2002",
  url = "https://doi.org/10.1214/aos/1015362185",
  volume = "30",
  pages = "74--99",
  journal = "Annals of Statistics",
  publisher = "Institute of Mathematical Statistics",
  number = "1",
}

@incollection{Rossi_1980,
title = "2 - Historical Background of the Transitional Aid Research Project Experiments",
editor = "Peter H. Rossi and Richard A. Berk and Kenneth J. Lenihan",
booktitle = "Money, Work, and Crime",
publisher = "Academic Press",
pages = "21 - 46",
year = "1980",
url = "https://doi.org/10.1016/B978-0-12-598240-5.50009-0",
author = "Peter H. Rossi and Richard A. Berk and Kenneth J. Lenihan"
}

@article{Fox_Carvalo_2012,
   author = {John Fox and Marilia Carvalho},
   title = {The RcmdrPlugin.survival Package: Extending the R Commander Interface to Survival Analysis},
   journal = {Journal of Statistical Software, Articles},
   volume = {49},
   number = {7},
   year = {2012},
   pages = {1--32},
   url = {https://doi.org/10.18637/jss.v049.i07}
}

@article{Hunter_Li_2005,
  author = "Hunter, David R. and Li, Runze",
  journal = "The Annals of Statistics",
  month = "08",
  number = "4",
  pages = "1617--1642",
  publisher = "The Institute of Mathematical Statistics",
  title = "Variable selection using MM algorithms",
  url = "https://doi.org/10.1214/009053605000000200",
  volume = "33",
  year = "2005"
}

@article{Dempster_1977,
 URL = {https://doi.org/10.1111/j.2517-6161.1977.tb01600.x},
 author = {A. P. Dempster and N. M. Laird and D. B. Rubin},
 journal = {Journal of the Royal Statistical Society. Series B (Methodological)},
 number = {1},
 pages = {1--38},
 publisher = {[Royal Statistical Society, Wiley]},
 title = {Maximum Likelihood from Incomplete Data via the EM Algorithm},
 volume = {39},
 year = {1977}
}

@Manual{survival,
    title = {A Package for Survival Analysis in S},
    author = {Terry M Therneau},
    year = {2015},
    note = {version 2.38},
    url = {https://CRAN.R-project.org/package=survival},
  }