% Encoding: UTF-8

@Book{D1,
  title     = {Cutting Edge Technologies},
  publisher = {The National Academies Press},
  year      = {1984},
  author    = {Engineering, National Academy of},
  address   = {Washington, DC},
  isbn      = {978-0-309-03489-0},
  doi       = {10.17226/286},
  url       = {https://doi.org/10.17226/286}
}

@Article{D2,
  author  = {Iansiti, Marco and Khansa, Tarun},
  title   = {{Technological Evolution, System Architecture and the Obsolescence of Firm Capabilities}},
  journal = {Industrial and Corporate Change},
  year    = {1995},
  volume  = {4},
  number  = {2},
  pages   = {333--361},
  month   = {03},
  issn    = {0960-6491},
  doi     = {10.1093/icc/4.2.333},
  eprint  = {http://oup.prod.sis.lan/icc/article-pdf/4/2/333/6768767/4-2-333.pdf},
  url     = {https://doi.org/10.1093/icc/4.2.333}
}

@Book{D3,
  title     = {Evolution of Networks: From Biological Nets to the Internet and WWW},
  publisher = {OUP Oxford},
  year      = {2013},
  author    = {Dorogovtsev, S.N. and Mendes, J.F.F.},
  isbn      = {9780191004407},
  url       = {https://books.google.es/books?id=FFL1AgAAQBAJ}
}

@inproceedings{D4,
  title={Introduction: The Search For Inclusive Citizenship: Meanings And Expressions In An Interconnected World},
  author={N. Kabeer},
  year={2005}
}

@Misc{D5,
  author       = {Domo-Data},
  title        = {DOMO-Data never Sleeps 6.0},
  howpublished = {\url{https://www.domo.com/solution/data-never-sleeps-6}},
  year         = {2019},
  note         = {Accesed: 2019-04-05}
}

@Misc{D6,
  author       = {VCloud},
  title        = {VCLOUD NEWS},
  howpublished = {\url{http://www.vcloudnews.com/every-day-big-data-statistics-2-5-quintillion-bytes-of-data-created-daily/}},
  year         = {2019},
  note         = {Accesed: 2019-04-17}
}

@Misc{D7,
  author       = {IBM},
  title        = {{IBM Big Data Success Stories}},
  howpublished = {\url{http://public.dhe.ibm.com/software/data/sw-library/big-data/ibm-big-data-success.pdf}},
  year         = {2019},
  note         = {Accesed: 2019-04-8}
}

@Article{D8,
  author    = {Mervis, Jeffrey},
  title     = {Agencies Rally to Tackle Big Data},
  journal   = {Science},
  year      = {2012},
  volume    = {336},
  number    = {6077},
  pages     = {22--22},
  issn      = {0036-8075},
  doi       = {10.1126/science.336.6077.22},
  eprint    = {https://science.sciencemag.org/content/336/6077/22.full.pdf},
  publisher = {American Association for the Advancement of Science},
  url       = {https://doi.org/10.1093/10.1126/science.336.6077.22}
}

@Article{D9,
  author     = {Labrinidis, Alexandros and Jagadish, H. V.},
  title      = {Challenges and Opportunities with Big Data},
  journal    = {Proc. VLDB Endow.},
  year       = {2012},
  volume     = {5},
  number     = {12},
  pages      = {2032--2033},
  month      = aug,
  issn       = {2150-8097},
  acmid      = {2367572},
  doi        = {10.14778/2367502.2367572},
  issue_date = {August 2012},
  numpages   = {2},
  publisher  = {VLDB Endowment},
  url        = {https://doi.org/10.14778/2367502.2367572}
}

@Book{D10,
  title     = {Understanding Big Data: Analytics for Enterprise Class Hadoop and Streaming Data},
  publisher = {McGraw-Hill Osborne Media},
  year      = {2011},
  author    = {IBM and Zikopoulos, Paul and Eaton, Chris},
  edition   = {1st},
  isbn      = {0071790535, 9780071790536}
}

@Article{D11,
  author  = {Brown and Brad and Michael Chui and James Manyika},
  title   = {Are you ready for the era of ‘big data’},
  journal = {McKinsey Quarterly},
  year    = {2011},
  volume  = {4},
  number  = {1},
  pages   = {24--35}
}

@Article{D12,
  author  = {X. {Wu} and X. {Zhu} and G. {Wu} and W. {Ding}},
  title   = {Data mining with big data},
  journal = {IEEE Transactions on Knowledge and Data Engineering},
  year    = {2014},
  volume  = {26},
  number  = {1},
  pages   = {97--107},
  month   = {Jan},
  issn    = {1041-4347},
  doi     = {10.1109/TKDE.2013.109},
  url     = {https://doi.org/10.1109/TKDE.2013.109}
}

@Book{D13,
  title     = {MapReduce Design Patterns: Building Effective Algorithms and Analytics for Hadoop and Other Systems},
  publisher = {O'Reilly Media, Inc.},
  year      = {2012},
  author    = {Miner, Donald and Shook, Adam},
  edition   = {1st},
  isbn      = {1449327176, 9781449327170},
}

@Misc{D14,
  author       = {Di Tommaso, P.},
  title        = {Awesome Pipeline},
  howpublished = {\url{https://github.com/pditommaso/awesome-pipeline}},
  year         = {2019},
  commit       = {8a08f9f01c5bd8ccfa03569a105e501bd8c5236c},
  journal      = {GitHub repository},
  publisher    = {GitHub},
}

@Article{D15,
  author  = {O'Donovan, P. and Leahy, K. and Bruton, K. and O'Sullivan, D. T. J.},
  title   = {An industrial big data pipeline for data-driven analytics maintenance applications in large-scale smart manufacturing facilities},
  journal = {Journal of Big Data},
  year    = {2015},
  volume  = {2},
  number  = {1},
  pages   = {25},
  issn    = {2196-1115},
  doi     = {10.1186/s40537-015-0034-z},
  url     = {https://doi.org/10.1186/s40537-015-0034-z}
}

@Misc{D16,
  author       = {BDB Solutions},
  title        = {{BDB Solutions for Big Data}},
  howpublished = {\url{https://www.bdb.ai/big-Data-Pipeline}},
  year         = {2019},
  note         = {Accesed: 2019-05-6}
}

@Misc{D17,
  author       = {AWS Amazon},
  title        = {{AWS Amazon Data Pipeline}},
  howpublished = {\url{https://aws.amazon.com/es/datapipeline}},
  year         = {2019},
  note         = {Accesed: 2019-05-6}
}

@Misc{D18,
  author       = {Google},
  title        = {Google Cloud Dataflow},
  howpublished = {\url{https://cloud.google.com/solutions/big-data}},
  year         = {2019},
  note         = {Accesed: 2019-05-6}
}

@Manual{R6,
    title = {R6: Encapsulated Classes with Reference Semantics},
    author = {Winston Chang},
    year = {2019},
    note = {R package version 2.4.0},
    url = {https://CRAN.R-project.org/package=R6}
}

@Manual{D31,
  title  = {rtweet: Collecting Twitter Data},
  author = {Michael W. Kearney},
  year   = {2019},
  note   = {R package version 0.6.9},
  url    = {https://cran.r-project.org/package=rtweet}
}

@Manual{D32,
  title  = {tuber: Access YouTube from R},
  author = {Gaurav Sood},
  year   = {2019},
  note   = {R package version 0.9.8},
  url    = {https://CRAN.R-project.org/package=tuber}
}

@Article{D37,
  author  = {Ingo Feinerer and Kurt Hornik and David Meyer},
  title   = {Text Mining Infrastructure in {R}},
  journal = {Journal of Statistical Software},
  year    = {2008},
  volume  = {25},
  number  = {5},
  pages   = {1--54},
  month   = {March},
  url     = {http://www.jstatsoft.org/v25/i05/}
}

@Manual{D38,
  title  = {R6 and Reference Class performance tests},
  author = {Winston Chang},
  note   = {R6 package version 2.4.1},
  year   = {2019},
  url    = {https://r6.r-lib.org/articles/Performance.html}
}

@Book{D39,
  title     = {Advanced R, Second Edition},
  publisher = {CRC Press},
  year      = {2019},
  author    = {Hadley Wickham},
  isbn      = {9780815384571},
  url       = {https://adv-r.hadley.nz/}
}

@Manual{magrittr,
  title  = {magrittr: A Forward-Pipe Operator for R},
  author = {Stefan Milton Bache and Hadley Wickham},
  note   = {R package version 2.0.1},
  year   = {2020},
  url    = {https://CRAN.R-project.org/package=magrittr}
}

@Manual{repo,
  title  = {repo: A Data-Centered Data Flow Manager},
  author = {Francesco Napolitano},
  note   = {R package version 2.1.5},
  year   = {2020},
  doi    = {https://doi.org/10.1186/s12859-017-1510-6},
  url    = {https://CRAN.R-project.org/package=repo}
}

@Article{drake,
    title = {The drake {R} package: a pipeline toolkit for reproducibility and high-performance computing},
    author = {William Michael Landau},
    journal = {Journal of Open Source Software},
    year = {2018},
    volume = {3},
    number = {21},
    url = {https://doi.org/10.21105/joss.00550}
  }

@Comment{jabref-meta: databaseType:bibtex;}
