% Encoding: UTF-8
@article{Araujo2006,
  author    = {Ara{\'u}jo, Miguel B. and Guisan, Antoine},
  journal   = {Journal of Biogeography},
  number    = {10},
  pages     = {1677--1688},
  title     = {Five (or so) challenges for species distribution modelling},
  volume    = {33},
  year      = {2006},
  url       = {https://doi.org/10.1111/j.1365-2699.2006.01584.x},
  publisher = {Wiley Online Library},
}

@Book{Allen1982,
  author    = {Allen, T. F. H. and Starr, B.},
  publisher = {University of Chicago Press},
  title     = {Hierarchy: Perspectives for Ecological Complexity},
  year      = {1982},
  url       = {https://doi.org/10.7208/chicago/9780226489711.001.0001},
}

@article{Hudson1992,
  author    = {Hudson, Berman},
  journal   = {Soil Science Society of America Journal},
  number    = {3},
  pages     = {836--841},
  title     = {The soil survey as paradigm-based science},
  volume    = {56},
  year      = {1992},
  url       = {https://doi.org/10.2136/sssaj1992.03615995005600030027x},
  publisher = {Wiley Online Library},
}

@Manual{Hijmans2020,
  title  = {\pkg{dismo}: Species Distribution Modeling},
  author = {Robert J. Hijmans and Steven Phillips and John Leathwick and Jane Elith},
  note   = {R package version 1.3-3},
  year   = {2020},
  url    = {https://CRAN.R-project.org/package=dismo},
}

@article{Pebesma2018,
  author  = {Edzer Pebesma},
  journal = {The R Journal},
  number  = {1},
  pages   = {439--446},
  title   = {Simple Features for {R}: Standardized Support for Spatial Vector Data},
  volume  = {10},
  year    = {2018},
  url     = {https://doi.org/10.32614/RJ-2018-009},
}

@article{Arrouays2020,
  author    = {Arrouays, D. and McBratney, A. and Bouma, J. and Libohova, Z. and Richer-de-Forges, A. and Morgan, C. and Roudier, P. and Poggio, L. and Mulder, V.},
  journal   = {Geoderma Regional},
  pages     = {e00255},
  title     = {Impressions of digital soil maps: The good, the not so good, and making them ever better},
  volume    = {20},
  year      = {2020},
  url       = {https://doi.org/10.1016/j.geodrs.2020.e00255},
  publisher = {Elsevier},
}

@Manual{Hijmans2021,
  title  = {\pkg{terra}: Spatial Data Analysis},
  author = {Robert J. Hijmans},
  note   = {R package version 1.3-4},
  year   = {2021},
  url    = {https://CRAN.R-project.org/package=terra},
}

@article{Ham2005,
  author    = {Ham, Jisoo and Chen, Yangchi and Crawford, Melba and Ghosh, Joydeep},
  journal   = {IEEE Transactions on Geoscience and Remote Sensing},
  number    = {3},
  pages     = {492--501},
  title     = {Investigation of the random forest framework for classification of hyperspectral data},
  volume    = {43},
  year      = {2005},
  publisher = {IEEE},
  url       = {https://doi.org/10.1109/tgrs.2004.842481},
}

@article{Carpenter1993,
  author    = {Carpenter, Guy and Gillison, A. N. and Winter, J.},
  journal   = {Biodiversity \& Conservation},
  number    = {6},
  pages     = {667--680},
  title     = {{DOMAIN}: a flexible modelling procedure for mapping potential distributions of plants and animals},
  volume    = {2},
  year      = {1993},
  url       = {https://doi.org/10.1007/bf00051966},
  publisher = {Springer},
}

@article{Zadeh1965,
  author  = {Zadeh, Lofti A.},
  journal = {Information and Control},
  number  = {1},
  pages   = {338--353},
  title   = {Fuzzy sets},
  volume  = {8},
  year    = {1965},
  url     = {https://doi.org/10.1142/9789814261302_0001},
}

@article{Austin1989,
  author    = {Austin, M. P. and Heyligers, P. C.},
  journal   = {Nature Conservation: Cost Effective Biological Surveys and Data Analysis},
  pages     = {31--36},
  title     = {New approach to vegetation survey design: gradsect sampling},
  volume    = {5},
  year      = {1989},
  publisher = {CSIRO Australia},
}

@article{Kohonen1982,
  author    = {Kohonen, Teuvo},
  journal   = {Biological Cybernetics},
  number    = {1},
  pages     = {59--69},
  title     = {Self-organized formation of topologically correct feature maps},
  volume    = {43},
  year      = {1982},
  url       = {https://doi.org/10.1007/bf00337288},
  publisher = {Springer},
}

@article{Gillison1983,
  author  = {Gillison, Andrew},
  journal = {Survey Methods for Nature Conservation},
  pages   = {349--374},
  title   = {Gradient oriented sampling for resource surveys{ - }the gradsect method},
  volume  = {2},
  year    = {1983},
}

@article{Elith2010,
  author    = {Elith, Jane and Kearney, Michael and Phillips, Steven},
  journal   = {Methods in Ecology and Evolution},
  number    = {4},
  pages     = {330--342},
  title     = {The art of modelling range-shifting species},
  volume    = {1},
  year      = {2010},
  url       = {https://doi.org/10.1111/j.2041-210x.2010.00036.x},
  publisher = {Wiley Online Library},
}

@article{Wehrens2018,
  author  = {Wehrens, Ron and Kruisselbrink, Johannes},
  journal = {Journal of Statistical Software},
  number  = {1},
  pages   = {1--18},
  title   = {Flexible self-organizing maps in kohonen 3.0},
  volume  = {87},
  year    = {2018},
  url     = {https://doi.org/10.18637/jss.v087.i07},
}

@article{Kohonen1990,
  author    = {Kohonen, Teuvo},
  journal   = {Proceedings of the IEEE},
  number    = {9},
  pages     = {1464--1480},
  title     = {The self-organizing map},
  volume    = {78},
  year      = {1990},
  publisher = {IEEE},
  url       = {https://doi.org/10.1016/s0925-2312(98)00030-7},
}

@article{Wessels1998,
  author    = {Wessels, K. J. and Van Jaarsveld, S. and Grimbeek, J. D. and Van der Linde, M. J.},
  journal   = {Biodiversity \& Conservation},
  number    = {8},
  pages     = {1093--1121},
  title     = {An evaluation of the gradsect biological survey method},
  volume    = {7},
  year      = {1998},
  url       = {https://doi.org/10.1023/a:1008899802456},
  publisher = {Springer},
}

@article{Elith2009,
  author    = {Elith, Jane and Leathwick, John R.},
  journal   = {Annual Review of Ecology, Evolution, and Systematics},
  pages     = {677--697},
  title     = {Species distribution models: ecological explanation and prediction across space and time},
  volume    = {40},
  year      = {2009},
  url       = {https://doi.org/10.1146/annurev.ecolsys.110308.120159},
  publisher = {Annual Reviews},
}

@article{Baldwin2017,
  author    = {Doug Baldwin and Kusum Naithani and Henry Lin},
  journal   = {Geoderma},
  pages     = {260--269},
  title     = {Combined soil-terrain stratification for characterizing catchment-scale soil moisture variation},
  volume    = {285},
  year      = {2017},
  url       = {https://doi.org/10.1016/j.geoderma.2016.09.031},
  publisher = {Elsevier {BV}},
}

@article{Burrough1989,
  author    = {Burrough, Peter},
  journal   = {Journal of Soil Science},
  number    = {3},
  pages     = {477--492},
  title     = {Fuzzy mathematical methods for soil survey and land evaluation},
  volume    = {40},
  year      = {1989},
  url       = {https://doi.org/10.1111/j.1365-2389.1989.tb01290.x},
  publisher = {Wiley Online Library},
}

@Article{Eddelbuettel2011,
    title = {\pkg{Rcpp}: Seamless {R} and {C++} Integration},
    author = {Eddelbuettel, E. and Fran\c{c}ois, R.},
    journal = {Journal of Statistical Software},
    year = {2011},
    volume = {40},
    number = {8},
    pages = {1--18},
    url   = {https://10.18637/jss.v040.i08},
  }

@article{Chuvieco2010,
  author    = {Chuvieco, E. and Aguado, I. and Yebra, M. and Nieto, H. and Salas, J. and Pilar Mart{\'i}n, M. and Vilar, L. and Mart{\'i}nez, J. and Mart{\'i}n, S. and Ibarra, P. and de la Riva, J. and Baeza, J. and Rodr{\'i}guez, F. and Molina, J. and Herrera, M. and Zamora, R.},
  journal   = {Ecological Modelling},
  number    = {1},
  pages     = {46--58},
  title     = {Development of a framework for fire risk assessment using remote sensing and geographic information system technologies},
  volume    = {221},
  year      = {2010},
  url       = {https://doi.org/10.1016/j.ecolmodel.2008.11.017},
  publisher = {Elsevier},
}

@article{Fluegel1995,
  author    = {Fl{\"u}gel, Wolfgang-Albert},
  journal   = {Hydrological Processes},
  number    = {3-4},
  pages     = {423--436},
  title     = {Delineating hydrological response units by geographical information system analyses for regional hydrological modelling using {PRMS/MMS} in the drainage basin of the river {B}r{\"o}l, {G}ermany},
  volume    = {9},
  year      = {1995},
  publisher = {Wiley Online Library},
  url       = {https://doi.org/10.1002/hyp.3360090313},
}

@article{Glinka1927,
  author  = {Glinka, Konstantin},
  journal = {Russian Pedological Investigations},
  title   = {Dokuchaev{'}s ideas in the development of pedology and cognate sciences},
  year    = {1927},
  volume  = {1},
}

@article{Guisan2000,
  author  = {Guisan, Antoine and Zimmermann, Niklaus},
  journal = {Ecological Modelling},
  number  = {2},
  pages   = {147--186},
  title   = {Predictive habitat distribution models in ecology},
  volume  = {135},
  year    = {2000},
  url     = {https://doi.org/10.1016/S0304-3800(00)00354-9},
}

@article{Heuvelink2001,
  author  = {Heuvelink, G. and Webster, R.},
  journal = {Geoderma},
  number  = {3},
  pages   = {269--301},
  title   = {Modelling soil variation: past, present, and future},
  volume  = {100},
  year    = {2001},
  url     = {https://doi.org/10.1016/S0016-7061(01)00025-8},
}

@article{Hirzel2001,
  author    = {Hirzel, Alexandre and Helfer, V{\'e}ronique and Metral, F.},
  journal   = {Ecological Modelling},
  number    = {2-3},
  pages     = {111--121},
  title     = {Assessing habitat-suitability models with a virtual species},
  volume    = {145},
  year      = {2001},
  url       = {https://doi.org/10.1016/S0304-3800(01)00396-9},
  publisher = {Elsevier},
}

@article{Jasiewicz2018,
  author    = {Jasiewicz, Jaroslaw and Stepinski, Tomasz and Niesterowicz, Jacek},
  journal   = {Computers {\&} Geosciences},
  pages     = {122--130},
  title     = {Multi-scale segmentation algorithm for pattern-based partitioning of large categorical rasters},
  volume    = {118},
  year      = {2018},
  url       = {https://doi.org/10.1016/j.cageo.2018.06.003},
  publisher = {Elsevier {BV}},
}

@article{Jasiewicz2015,
  author    = {Jasiewicz, Jaroslaw and Netzel, Pawel and Stepinski, Tomasz},
  journal   = {Computers {\&} Geosciences},
  pages     = {62--73},
  title     = {{GeoPAT}: A toolbox for pattern-based information retrieval from large geospatial databases},
  volume    = {80},
  year      = {2015},
  url       = {https://doi.org/10.1016/j.cageo.2015.04.002},
  publisher = {Elsevier {BV}},
}

@Book{Kaufman1990,
  author    = {Kaufman, Leonard and Rousseeuw, Peter},
  publisher = {John Wiley \& Sons},
  title     = {Finding Groups in Data: An Introduction to Cluster Analysis},
  year      = {1990},
}

@article{Knick1997,
  author    = {Knick, Steven and Dyer, Deanna},
  journal   = {The Journal of Wildlife Management},
  pages     = {75--85},
  title     = {Distribution of Black-Tailed Jackrabbit Habitat Determined by {GIS} in {S}outhwestern {I}daho},
  year      = {1997},
  url       = {https://doi.org/10.2307/3802416},
  publisher = {JSTOR},
}

@article{Leroy2016,
  author    = {Leroy, Boris and Meynard, Christine and Bellard, C{\'e}line and Courchamp, Franck},
  journal   = {Ecography},
  number    = {6},
  pages     = {599--607},
  title     = {\pkg{virtualspecies}, an {R} package to generate virtual species distributions},
  volume    = {39},
  year      = {2016},
  url       = {https://doi.org/10.1111/ecog.01388},
  publisher = {Wiley Online Library},
}

@article{MacMillan2000,
  author    = {MacMillan, R. and Pettapiece, W. and Nolan, S. and Goddard, T.},
  journal   = {Fuzzy Sets and Systems},
  number    = {1},
  pages     = {81--109},
  title     = {A generic procedure for automatically segmenting landforms into landform elements using {DEM}s, heuristic rules and fuzzy logic},
  volume    = {113},
  year      = {2000},
  url       = {https://doi.org/10.1016/S0165-0114(99)00014-7},
  publisher = {Elsevier},
}

@Article{Malczewski2006,
  author    = {Jacek Malczewski},
  journal   = {International Journal of Geographical Information Science},
  number    = {7},
  pages     = {703--726},
  title     = {{GIS}-based multicriteria decision analysis: a survey of the literature},
  volume    = {20},
  year      = {2006},
  url       = {https://doi.org/10.1080/13658810600661508},
  publisher = {Informa {UK}},
}

@article{McBratney2003,
  author    = {McBratney, Alex and Mendon{\c{c}}a Santos, M. L. and Minasny, Budiman},
  journal   = {Geoderma},
  number    = {1-2},
  pages     = {3--52},
  title     = {On digital soil mapping},
  volume    = {117},
  year      = {2003},
  url       = {https://doi.org/10.1016/S0016-7061(03)00223-4},
  publisher = {Elsevier},
}

@article{McSweeney1994,
  author    = {McSweeney, K. and Slater, B. K. and David Hammer, R. and Bell, J. C. and Gessler, P. E. and Petersen, G. W.},
  journal   = {Factors of Soil Formation: A Fiftieth Anniversary Retrospective},
  pages     = {127--145},
  title     = {Towards a new framework for modeling the soil-landscape continuum},
  volume    = {33},
  year      = {1994},
  url       = {https://doi.org/10.2136/sssaspecpub33.c8},
  publisher = {Wiley Online Library},
}

@article{Netzel2015,
  author  = {Netzel, Pawel and Stepinski, Tomasz},
  journal = {IEEE Transactions on Geoscience and Remote Sensing},
  number  = {4},
  pages   = {1773--1781},
  title   = {Pattern{-}Based Assessment of Land Cover Change on Continental Scale With Application to {NLCD} 2001{-}2006},
  volume  = {53},
  year    = {2015},
  url     = {https://doi.org/10.1109/TGRS.2014.2348715},
}

@article{Nolan2019,
  title={Comparing and improving methods for reconstructing peatland water-table depth from testate amoebae},
  author={Nolan, Connor and Tipton, John and Booth, Robert K and Hooten, Mevin B and Jackson, Stephen T},
  journal={The Holocene},
  volume={29},
  number={8},
  pages={1350--1361},
  year={2019},
  url={https://doi.org/10.1177/0959683619846969},
  publisher={Sage {UK}}
}

@article{Nowosad2021,
  author    = {Nowosad, Jakub},
  journal   = {Landscape Ecology},
  number    = {1},
  pages     = {29--43},
  title     = {\pkg{motif}: an open-source {R} tool for pattern-based spatial analysis},
  volume    = {36},
  year      = {2021},
  url       = {https://doi.org/10.1007/s10980-020-01135-0},
  publisher = {Springer},
}

@article{Nowosad2021a,
  author    = {Nowosad, Jakub and Stepinski, Tomasz},
  journal   = {International Journal of Geographical Information Science},
  number    = {8},
  pages     = {1634--1649},
  title     = {Pattern-based identification and mapping of landscape types using multi-thematic data},
  volume    = {35},
  year      = {2021},
  url       = {https://doi.org/10.1080/13658816.2021.1893324},
  publisher = {Informa {UK} Limited},
}

@article{Park2004,
  author    = {Park, S. J. and Van De Giesen, N.},
  journal   = {Journal of Hydrology},
  number    = {1-4},
  pages     = {28--46},
  title     = {Soil-landscape delineation to define spatial sampling domains for hillslope hydrology},
  volume    = {295},
  year      = {2004},
  url       = {https://doi.org/10.1016/j.jhydrol.2004.02.022},
  publisher = {Elsevier},
}

@article{Pike1975,
  author    = {Pike, Richard and Rozema, Wesley},
  journal   = {Annals of the Association of American Geographers},
  number    = {4},
  pages     = {499--516},
  title     = {Spectral Analysis of Landforms},
  volume    = {65},
  year      = {1975},
  url       = {https://doi.org/10.1111/j.1467-8306.1975.tb01058.x},
  publisher = {Routledge},
}

@article{Pike1988,
  author    = {Pike, Richard},
  journal   = {Mathematical Geology},
  number    = {5},
  pages     = {491--511},
  title     = {The geometric signature: quantifying landslide-terrain types from digital elevation models},
  volume    = {20},
  year      = {1988},
  url       = {https://doi.org/10.1007/BF00890333},
  publisher = {Springer},
}

@Manual{Rcoreteam2022,
    title = {R: A Language and Environment for Statistical Computing},
    author = {{R Core Team}},
    organization = {R Foundation for Statistical Computing},
    address = {Vienna, Austria},
    year = {2022},
    url = {https://www.R-project.org/},
  }

@article{Rodrigues2019,
  author    = {Rodrigues, Marcos and Costafreda-Aumedes, Sergi and Comas, Carles and Vega-Garc{\'i}a, Cristina},
  journal   = {Science of the Total Environment},
  pages     = {634--644},
  title     = {Spatial stratification of wildfire drivers towards enhanced definition of large-fire regime zoning and fire seasons},
  volume    = {689},
  year      = {2019},
  url       = {https://doi.org/10.1016/j.scitotenv.2019.06.467},
  publisher = {Elsevier {BV}},
}

@article{Schmidt2005,
  author    = {Schmidt, Jochen and Tonkin, Phil and Hewitt, Allan},
  journal   = {Soil Research},
  number    = {2},
  pages     = {127},
  title     = {Quantitative soil - landscape models for the {H}aldon and {H}urunui soil sets, {N}ew {Z}ealand},
  volume    = {43},
  year      = {2005},
  url       = {https://doi.org/10.1071/sr04074},
  publisher = {{CSIRO} Publishing},
}

@article{Scull2003,
  author    = {Scull, Peter and Franklin, Janet and Chadwick, Oliver and McArthur, D.},
  journal   = {Progress in Physical Geography},
  number    = {2},
  pages     = {171--197},
  title     = {Predictive soil mapping: a review},
  volume    = {27},
  year      = {2003},
  url       = {https://doi.org/10.1191/0309133303pp366ra},
  publisher = {Sage Publications},
}

@article{Sui1992,
  author    = {Sui, Daniel},
  journal   = {Computers, Environment and Urban Systems},
  number    = {2},
  pages     = {101--115},
  title     = {A fuzzy {GIS} modeling approach for urban land evaluation},
  volume    = {16},
  year      = {1992},
  url       = {https://doi.org/10.1016/0198-9715(92)90022-J},
  publisher = {Elsevier},
}

@article{Tibshirani2001,
  author    = {Tibshirani, Robert and Walther, Guenther and Hastie, Trevor},
  journal   = {Journal of the Royal Statistical Society: Series B (statistical Methodology)},
  number    = {2},
  pages     = {411--423},
  title     = {Estimating the number of clusters in a data set via the gap statistic},
  volume    = {63},
  year      = {2001},
  url       = {https://doi.org/10.1111/1467-9868.00293},
  publisher = {Wiley Online Library},
}

@article{Watrous2006,
  author    = {Watrous, Kristen and Donovan, Therese and Mickey, Ruth and Darling, Scott and Hicks, Alan and Von Oettingen, Susanna},
  journal   = {The Journal of Wildlife Management},
  number    = {5},
  pages     = {1228--1237},
  title     = {Predicting minimum habitat characteristics for the {I}ndiana bat in the {C}hamplain {V}alley},
  volume    = {70},
  year      = {2006},
  publisher = {Wiley Online Library},
  url       = {https://doi.org/10.2193/0022-541X(2006)70[1228:PMHCFT]2.0.CO;2},
}

@article{West2016,
  author    = {West, Amanda and Kumar, Sunil and Brown, Cynthia and Stohlgren, Thomas and Bromberg, Jim},
  journal   = {Ecological Informatics},
  pages     = {126--134},
  title     = {Field validation of an invasive species Maxent model},
  volume    = {36},
  year      = {2016},
  url       = {https://doi.org/10.1016/j.ecoinf.2016.11.001},
  publisher = {Elsevier},
}

@article{Zhu1994,
  author    = {Zhu, A. Xing and Band, Lawrence},
  journal   = {Canadian Journal of Remote Sensing},
  number    = {4},
  pages     = {408--418},
  title     = {A Knowledge-Based Approach to Data Integration for Soil Mapping},
  volume    = {20},
  year      = {1994},
  url       = {https://doi.org/10.1080/07038992.1994.10874583},
  publisher = {Informa {UK} Limited},
}

@article{Zhu1997,
  author    = {Zhu, A. Xing},
  journal   = {Geoderma},
  number    = {2-4},
  pages     = {217--242},
  title     = {A similarity model for representing soil spatial information},
  volume    = {77},
  year      = {1997},
  url       = {https://doi.org/10.1016/S0016-7061(97)00023-2},
  publisher = {Elsevier},
}

@InProceedings{Zhu2008,
  author    = {Zhu, A. Xing and Yang, Lin and Li, Baolin and Qin, Chengzhi and English, Edward and Burt, James and Zhou, Chenghu},
  booktitle = {Digital Soil Mapping with Limited Data},
  title     = {Purposive sampling for digital soil mapping for areas with limited data},
  year      = {2008},
  pages     = {233--245},
  publisher = {Springer},
  url       = {https://doi.org/10.1007/978-1-4020-8592-5_20},
}

@article{Zhu2010,
  author    = {Zhu, A. Xing and Qi, Feng and Moore, Amanda and Burt, James},
  journal   = {Geoderma},
  number    = {3-4},
  pages     = {199--206},
  title     = {Prediction of soil properties using fuzzy membership values},
  volume    = {158},
  year      = {2010},
  url       = {https://doi.org/10.1016/j.geoderma.2010.05.001},
  publisher = {Elsevier {BV}},
}

@article{Gillison1985,
  author  = {Gillison, Andrew and Brewer, Kenneth},
  journal = {Journal of Environmental Management},
  title   = {The Use of Gradient Directed Transects or Gradsects in Natural Resource Surveys},
  year    = {1985},
  pages   = {103--127},
  volume  = {20},
}

@Manual{Chang2021,
  title  = {\pkg{shiny}: Web Application Framework for R},
  author = {Chang, W. and Cheng, J. and Allaire, J. and Sievert, C. and Schloerke, B. and Xie, Y. and Allen, J. and McPherson, J. and Dipert, A. and Borges, B.},
  note   = {R package version 1.6.0},
  year   = {2021},
  file   = {:chang_2021.bib:},
  url    = {https://CRAN.R-project.org/package=shiny},
}

