

@Manual{Auguie2017,
  Author = {B Auguie},
	Title = {gridExtra: Miscellaneous Functions for "Grid" Graphics. R package version 2.3.},
	Year = 2017,
  url = {https://CRAN.R-project.org/package=gridExtra}
}


@article{Bolker2009,
title = {Generalized linear mixed models: a practical guide for ecology and evolution},
journal = {Trends in Ecology \& Evolution},
volume = {24},
number = {3},
pages = {127-135},
year = {2009},
author = {Benjamin M. Bolker and Mollie E. Brooks and Connie J. Clark and Shane W. Geange and John R. Poulsen and M. Henry H. Stevens and Jada-Simone S. White},
}

@article{brooks2017,
  Author = {ME Brooks and K Kristensen and KJ van Benthem  and A Magnusson and CW Berg and A Nielsen and HJ Skaug and M Maechler and BM Bolker},
	Journal = {The R Journal},
	Pages = {299--314},
	Title = {glmmTMB Balances Speed and Flexibility Among Packages for Zero-inflated Generalized Linear Mixed Modeling},
	Volume = 9,
	Year = 2017
        
}

@article{carrasco2003,
  Author = {Josep L. Carrasco and L Jover},
	Journal = {Biometrics},
	Pages = {849--858},
	Title = {Estimating the generalized concordance correlation coefficient through variance components},
	Volume = 59,
	Year = 2003
        
}

@article{carrasco2005,
  Author = {Josep L. Carrasco and L Jover},
	Journal = {Statistics in Medicine},
	Pages = {4021--4034},
	Title = {Concordance correlation coefficient applied to discrete data},
	Volume = 24,
	Year = 2005
        
}


@article{carrasco2010,
  Author = {Josep L. Carrasco},
	Journal = {Biometrics},
	Pages = {897--904},
	Title = {A Generalized Concordance Correlation Coefficient Based on the Variance Components Generalized Linear Mixed Models for Overdispersed Count Data},
	Volume = 66,
	Year = 2010
        
}


@article{carrasco2013,
  Author = {Josep L. Carrasco and BR Phillips and J Puig-Martinez and TS King and VM Chinchilli},
	Journal = {Computer Methods and Programs in Biomedicine},
	Pages = {293--304},
	Title = {Estimation of the concordance correlation coefficient for repeated measures using {SAS} and {R}},
	Volume = 109,
	Year = 2013
        
}

@book{Choudhary2017,
  Author = {PK Choudhary and HN Nagaraja},
	Title = {Measuring Agreement: Models, Methods, and Applications},
	Year = 2017,
	publisher = {Wiley},
  address   = {Hoboken}
        
}


@Manual{Clausen2020,
  Author = {A Clausen and S Sokol},
	Title = {Deriv: R-based Symbolic Differentiation. Deriv package version 4.1.},
	Year = 2020,
  url = {https://CRAN.R-project.org/package=Deriv}
}


@article{Dunn1996,
  Author = {PK Dunn and GK Smyth},
	Journal = {Journal Computational and Graphical Statistics},
	Pages = {236--244},
	Title = {Randomized quantile residuals},
	Volume = 5,
	Year = 1996
        
}

@article{Feng2020,
  Author = {C Feng and L Li and A Sadeghpour},
	Journal = {BMC Medical Research Methodology},
	Pages = {175},
	Title = {A comparison of residual diagnosis tools for diagnosing regression models for count data},
	Volume = 20,
	Year = 2020
       
}

@book{fleiss1986,
  Author = {JL Fleiss},
	Title = {The Design and Analysis of Clinical Experiments},
	Year = 1986,
	chapter = {Reliability of measurement},
	publisher = {Wiley},
  address   = {New York}
        
}


@article{Fornas2000,
  Author = {O Fornas and J Garcia and J Petriz},
	Journal = {Nature Medicine},
	Pages = {833--836},
	Title = {Flow cytometry counting of CD34+ cells in whole blood},
	Volume = 6,
	Year = 2000
        
}

@article{Pia2021,
  Author = {PL Kjellander and M Aronsson and UA Bergvall and Josep L. Carrasco and M Christensson and PE Lindgren and M Akesson and P Kjellander},
	Journal = {Experimental and Applied Acarolog},
	Pages = {131--146},
	Title = {Validating a common tick survey method: cloth-dragging and line transects},
	Volume = 83,
	Year = 2021
        
}


@article{nakagawa2010,
  Author = {S Nakagawa and H Schielzeth},
	Journal = {Biological Reviews},
	Pages = {935--956},
	Title = {Repeatability for Gaussian and non-Gaussian data: a practical guide for biologists},
	Volume = 85,
	Year = 2010,
        
}

@article{Schroeder2012,
  Author = {J Schroeder and T Burke and ME Mannarelli and DA Dawson and S Nakagawa},
	Journal = {Journal of Evolutionary Biology},
	Pages = {149--156},
	Title = {Maternal effects and heritability of annual productivity},
	Volume = 25,
	Year = 2012
        
}

@article{Stoffel2017,
  Author = {MA Stoffel and S Nakagawa and H Schielzeth},
	Journal = {Methods in Ecology and Evolution},
	Pages = {1639--1644},
	Title = {rptR: repeatability estimation and variance decomposition by generalized linear mixed-effects models},
	Volume = 8,
	Year = 2017
        
}


@article{verHoef2012,
  Author = {JM Ver Hoef},
	Journal = {The American Statistician},
	Pages = {124--127},
	Title = {Who Invented the Delta Method?},
	Volume = 66,
	Year = 2012
        
}

@book{Wickham2016,
  Author = {H Wickham},
	Title = {ggplot2: Elegant Graphics for Data Analysis},
	Year = 2016,
	publisher = {Springer-Verlag},
  address   = {New York}
        
}


@Manual{Wickham2020,
  Author = {H Wickham and R François and L Henry and K Müller},
	Title = {dplyr: A Grammar of Data Manipulation. R package version 1.0.2.},
	url = {https://CRAN.R-project.org/package=dplyr},
	Year = 2020
        
}

@article{Wolak2012,
  Author = {ME Wolak and JF Fairbairn and RP Paulsen},
	Journal = {Methods in Ecology and Evolution},
	Pages = {129--137},
	Title = {Guidelines for estimating repeatability},
	Volume = 3,
	Year = 2012
        
}


@book{DeVet2011,
  Author = {HCW DeVet and CB Terwee and LB Mokkink and DL Knol},
	Title = {Measurement in Medicine},
	Year = 2011,
	chapter = {Reliability},
	publisher = {Cambridge University Press},
  address   = {Cambridge}
        
}

@Manual{Revelle2021,
    title = {psych: Procedures for Psychological, Psychometric, and
      Personality Research},
    author = {William Revelle},
    organization = { Northwestern University},
    address = { Evanston, Illinois},
    year = {2021},
    note = {R package version 2.1.9},
    url = {https://CRAN.R-project.org/package=psych}
  }

@Manual{DFeng2020,
    title = {agRee: Various Methods for Measuring Agreement},
    author = {Dai Feng},
    year = {2020},
    note = {R package version 0.5.3},
    url = {https://CRAN.R-project.org/package=agRee}
  }

@book{hardin2007,
  Author = {W Hardin and JM Hilbe},
	Title = {Generalized Linear Models and Extensions},
	Year = 2007,
	publisher = {Stata Press}        
}

@article{bland1995,
  title={Comparing methods of measurement: why plotting difference against standard method is misleading},
  author={Bland, J Martin and Altman, Douglas G},
  journal={The lancet},
  volume={346},
  number={8982},
  pages={1085--1087},
  year={1995},
  publisher={Elsevier}
}

@article{Smith2010,
title = {Bar charts enhance Bland–Altman plots when value ranges are limited},
journal = {Journal of Clinical Epidemiology},
volume = {63},
number = {2},
pages = {180-184},
year = {2010},
issn = {0895-4356},
author = {Mark W. Smith and Jun Ma and Randall S. Stafford}
}





